
@article{McCullough2008,
title = "On the Accuracy of Statistical Procedures in Microsoft Excel 2007 ",
journal = "Computational Statistics \& Data Analysis ",
volume = "52",
number = "10",
pages = "4570 -- 4578",
year = "2008",
note = "Available at \url{http://www.sciencedirect.com/science/article/pii/S0167947308001606}",
issn = "0167-9473",
doi = "http://dx.doi.org/10.1016/j.csda.2008.03.004",
url = "http://www.sciencedirect.com/science/article/pii/S0167947308001606",
author = "B.D. McCullough and David A. Heiser"
}

@article{McCullough2013,
title = "Spreadsheets in the Cloud - Not Ready Yet ",
journal = "Journal of Statistical Software ",
volume = "52",
number = "7",
pages = "1 -- 14",
year = "2013",
note = "Available at \url{http://www.jstatsoft.org/v52/i07/paper}",
author = "B.D. McCullough and A. Talha Yalta"
}




@article{Yalta2008,
title = "The Accuracy of Statistical Distributions in Microsoft Excel 2007 ",
journal = "Computational Statistics \& Data Analysis ",
volume = "52",
number = "10",
pages = "4579 -- 4586",
year = "2008",
note = "Available at \url{http://www.sciencedirect.com/science/article/pii/S0167947308001618}",
issn = "0167-9473",
doi = "http://dx.doi.org/10.1016/j.csda.2008.03.005",
url = "http://www.sciencedirect.com/science/article/pii/S0167947308001618",
author = "A. Talha Yalta"
}


@article{Keeling2011,
title = "Statistical Accuracy of Spreadsheet Software",
journal = "The American Statistician ",
volume = "65",
number = "4",
pages = "265 -- 273",
year = "2011",
note = "Available at \url{http://www.tandfonline.com/doi/pdf/10.1198/tas.2011.09076}",
doi = "http://dx.doi.org/10.1198/tas.2011.09076",
author = "Kellie B. Keeling and Robert J. Pavur "
}


@article{Knusel2005,
title = "On the Accuracy of Statistical Distributions in Microsoft Excel 2003 ",
journal = "Computational Statistics \& Data Analysis ",
volume = "48",
number = "3",
pages = "445 -- 449",
year = "2005",
note = "Available at \url{http://www.sciencedirect.com/science/article/pii/S0167947304000337}",
issn = "0167-9473",
doi = "http://dx.doi.org/10.1016/j.csda.2004.02.008",
url = "http://www.sciencedirect.com/science/article/pii/S0167947304000337",
author = {Leo Kn\"usel},
}


@article{Knusel2011,
title = "On the Accuracy of Statistical Distributions in Microsoft Excel 2010 ",
journal = "CSDA Statistical Software Newletter ",
year = "2011",
note = "Available at \url{http://www.csdassn.org/software_reports/Excel2011.pdf}",
author = {Leo Kn\"usel},
}


@article{Melard2011,
title = "On the Accuracy of Statistical Procedures in Microsoft Excel 2010 ",
journal = "Working paper",
year = "2011",
note = "Available at \url{http://homepages.ulb.ac.be/~gmelard/rech/gmelard_csda23.pdf}",
author = {Guy M\'elard},
}



@misc{Oppenheimer2010,
   author = "Diego M. Oppenheimer",
   title = "Microsoft Office Blog: Function improvements in Excel 2010, White Paper",
   year = "2010",
   note = "Available at \url{http://blogs.office.com/b/microsoft-excel/archive/2009/10/08/going-back-to-the-topic-of-functions-for-a-moment.aspx}"
 }



@misc{wiki_Pareto,
   author = "{Wikipedia contributors}",
   title = "Pareto distribution --- Wikipedia{,} The Free Encyclopedia",
   year = "2013",
   note = "Available at \url{http://en.wikipedia.org/w/index.php?title=Pareto_distribution&oldid=559561732}"
 }




@book{VanHauwermeiren_2009,
	title = {A Compendium of Distributions. [ebook]},
	publisher = {Vose Software, Ghent, Belgium},
	author = {Van Hauwermeiren, M. and Vose, D.},
	year = {2009},
	note = "Available from \url{http://www.vosesoftware.com}"
},

@book{walck_2007,
	title = {Handbook on Statistical Distributions for experimentalists},
	publisher = {University of Stockholm, Internal Report SUF-PFY/96--01},
	author = {Walck, C.},
	year = {2007},
	note = "Available as \url{http://www.stat.rice.edu/~dobelman/textfiles/DistributionsHandbook.pdf}"
},


@book{Moore_2009,
	title = {Introduction to Interval Analysis},
	publisher = {Philadelphia: Society for Industrial and Applied Mathematics},
	author = {Moore R. E., Cloud M. J., Kearfott R. B.},
	year = {2009}
},



@Article{MPFR_2007,
  author =       {Laurent Fousse and Guillaume Hanrot and Vincent Lef\`evre and Patrick P\'elissier and Paul Zimmermann},
  title =        {MPFR: A Multiple-Precision Binary Floating-Point Library with Correct Rounding},
  journal =      {{ACM} Transactions on Mathematical Software},
  volume =       {33},
  number =       {2},
  year =         {2007},
  pages =        {13:1--13:15},
	note = "Online resource: \url{http://www.mpfr.org/}. The MPFR manual is available from  \url{http://www.mpfr.org/mpfr-current/mpfr.pdf}, and a description of the algorithms from  \url{http://www.mpfr.org/algorithms.pdf} "
},


@manual {mpc_2012,
   author       = {Andreas Enge and Micka\"el Gastineau and
                   Philippe Th\'eveny and Paul Zimmermann},
   title        = {mpc --- A library for multiprecision complex
                   arithmetic with exact rounding},
   organization = {INRIA},
   edition      = {1.0},
   year         = {2012},
   month        = jul,
   note         = {\url{http://mpc.multiprecision.org/}. The MPC manual is available from  \url{http://www.multiprecision.org/mpc/download/mpc-1.0.1.pdf}}
}


@manual {mpd_2012,
   author       = {Stefan Krah},
   title        = {mpdecimal: a package for correctly-rounded arbitrary precision decimal floating point arithmetic},
   edition      = {2.3},
   year         = {2012},
   note         = {Online resource: \url{http://www.bytereef.org/mpdecimal/index.html}.}
}


@incollection{Gil2011,
year={2011},
isbn={978-90-481-9980-8},
booktitle={Recent Advances in Computational and Applied Mathematics},
editor={Simos, Theodore E.},
doi={10.1007/978-90-481-9981-5_4},
title={Basic Methods for Computing Special Functions},
url={http://dx.doi.org/10.1007/978-90-481-9981-5_4},
publisher={Springer Netherlands},
keywords={Numerical evaluation of special functions; Chebyshev expansions; Quadrature methods; Transformation of series; Continued fractions; Asymptotic analysis; 65D20; 41A60; 33C05; 33C10; 33C15},
author={Gil, Amparo and Segura, Javier and Temme, NicoM.},
note = {Preprint available from  \url{http://www.researchgate.net/publication/229032140_Basic_Methods_for_Computing_Special_Functions/file/d912f5093e6adedc38.pdf}},
pages={67-121},
language={English}
}


@misc{Hofschuster2001,
   author = {W. Hofschuster and W. Kr\"amer and S. Wedner and A. Wiethoff},
   title = "C-XSC 2.0: A C++ Library for Extended Scientific Computing",
   year = "2001",
   note = {Preprint BUGHW-WRSWT 2001/1, Universit\"at Wuppertal, 2001, Available at  \url{http://www2.math.uni-wuppertal.de/~xsc/preprints/prep_01_1.pdf}}
 }




@incollection{Hofschuster2004,
  author = {W. Hofschuster and W. Kr\"amer},
  title = {C-XSC 2.0: A C++ Library for Extended Scientific Computing},
  pages = {15--35},
  booktitle = {Numerical Software with Result Verification, Lecture Notes in Computer Science},
  editor = {R. Alt and A. Frommer and R.B. Kearfott and W. Luther},
  publisher = {Springer-Verlag, Heidelberg},
  year = {2004},
	note = {Online resource: \url{http://www2.math.uni-wuppertal.de/~xsc/xsc-sprachen.html}. A preprint is available from  \url{http://www2.math.uni-wuppertal.de/~xsc/preprints/prep_03_5.pdf}}
}


@book {Temme1996,
title = {Special Functions: An Introduction to the Classical Functions of Mathematical Physics},
author = {Temme, Nico M.},
publisher = {John Wiley \& Sons, Inc.},
 note = {Online resource: \url{http://onlinelibrary.wiley.com/book/10.1002/9781118032572}},
year = {1996}
}


@PHDTHESIS{Hofschuster2000,
    AUTHOR = "W. Hofschuster",
    TITLE = "Zur Berechnung von Funktionswerteinschlie{\ss}ungen bei speziellen Funktionen der mathematischen Physik ",
    SCHOOL = {Universit\"at Karlsruhe},
		 note = {Available online at: \url{http://digbib.ubka.uni-karlsruhe.de/volltexte/documents/1493}},		
    YEAR ="2000"
}



@PHDTHESIS{Wedner2000,
    AUTHOR = "Stefan Wedner",
    TITLE = {Verifizierte Bestimmung singul\"arer Integrale - Quadratur und Kubatur},
    SCHOOL = {Universit\"at Karlsruhe},
		 note = {Available online at: \url{http://digbib.ubka.uni-karlsruhe.de/volltexte/documents/3175}},
    YEAR ="2000"
}






@book{Hammer1995,
 author = {Hammer, R.  and Hocks, M. and Ratz, D. and Kulisch, U.},
 title = {C++ Toolbox for Verified Scientific Computing I: Basic Numerical Problems Theory, Algorithms, and Programs},
 year = {1995},
 isbn = {3540591109},
 publisher = {Springer-Verlag New York, Inc.},
 note = {Online resource: \url{http://link.springer.com/book/10.1007/978-3-642-79651-7/page/1}},
 address = {Secaucus, NJ, USA},
} 


@book{Klatte1991,
 author = {Klatte, R.  and Kulisch, U. and Neaga, M. and Ratz, D. and Ullrich, Ch.},
 title = {PASCAL-XSC Language Reference with Examples},
 year = {1991},
 publisher={Springer Berlin Heidelberg},
 note = {Available at: \url{http://www2.math.uni-wuppertal.de/~xsc/literatur/PXSCENGL.pdf}},
} 



@incollection{Kramer2012,
year={2012},
isbn={978-3-642-28144-0},
booktitle={Applied Parallel and Scientific Computing},
volume={7134},
series={Lecture Notes in Computer Science},
doi={10.1007/978-3-642-28145-7_17},
title={Using C-XSC for High Performance Verified Computing},
url={http://dx.doi.org/10.1007/978-3-642-28145-7_17},
publisher={Springer Berlin Heidelberg},
keywords={C-XSC; high performance computing; compiler optimizations; dot product computation; error free transformation; BLAS; openMP; MPI},
author={ Kr\"amer, W. and Zimmer, M. and Hofschuster, W.},
pages={168-178}
}



@misc{Blomquist2008a,
   author = {F. Blomquist and W. Hofschuster and W. Kr{\"a}mer},
   title = "Real and Complex Staggered (Interval) Arithmetics with Wide Exponent Range (in German)",
   year = "2008",
   note = {Preprint BUGHW-WRSWT 2008/1, Universit\"at Wuppertal, 2008, Available at  \url{http://www2.math.uni-wuppertal.de/~xsc/preprints/prep_08_1.pdf}}
 }


@InProceedings{Blomquist2008,
  author =	{F. Blomquist and W. Hofschuster and W. Kr{\"a}mer},
  title =	{A Modified Staggered Correction Arithmetic  with Enhanced Accuracy and Very Wide Exponent Range},
  booktitle =	{Numerical Validation in Current Hardware Architectures},
  year =	{2008},
  editor =	{Annie Cuyt and Walter Kr{\"a}mer and Wolfram Luther and Peter Markstein},
  number =	{08021},
  series =	{Dagstuhl Seminar Proceedings},
  ISSN =	{1862-4405},
  publisher =	{Internationales Begegnungs- und Forschungszentrum f{\"u}r Informatik (IBFI), Schloss Dagstuhl, Germany},
  address =	{Dagstuhl, Germany},
	note = {Available from  \url{http://drops.dagstuhl.de/opus/volltexte/2008/1445}},
  annote =	{Keywords: Staggered correction, multiple precision, C-XSC,    interval computation, wide exponent range, reliable numerical computations, complex interval funct}
}



@book{Kramer1994,
 author = {Kr\"{a}mer, W. and Kulisch, U. and Lohner, R.},
 title = {Numerical Toolbox for Verified Computing II: Advanced Numerical Problems},
 year = {1994},
note = {Preprint (1994) available from  \url{http://www2.math.uni-wuppertal.de/~xsc/literatur/tb2.pdf}},
 publisher = {Draft Manuscript},
} 


 
@book{Kramer2006,
 author = {Kr\"{a}mer, W. and Kulisch, U. and Lohner, R.},
 title = {Numerical Toolbox for Verified Computing II: Advanced Numerical Problems},
 year = {2006},
 isbn = {3540604707},
note = {Pascal Version Preprint (1994) available from  \url{http://www2.math.uni-wuppertal.de/~xsc/literatur/tb2.pdf}},
 publisher = {SpringerVerlag},
} 



@booklet{Blomquist2012,
    author   = {F. Blomquist and W. Hofschuster and W. Kr\"amer},
    title     = {Umfangreiche C-XSC-Langzahlpakete f\"ur beliebig genaue reelle und komplexe Intervallrechnung},
    howpublished   = {Preprint 2012/2, Universit\"at Wuppertal, 2012 (in german)},
    year      = {2012},
    note = {Online resource: \url{http://www2.math.uni-wuppertal.de/~xsc/xsc/cxsc_software.html\#mpfr-mpfi}. The manual is available from  \url{http://www2.math.uni-wuppertal.de/~xsc/preprints/prep_12_2.pdf}}
}



@booklet{Blomquist2005,
    author   = {F. Blomquist},
    title     = {Automatische a priori Fehlerabsch\"atzungen zur Entwicklung optimaler Algorithmen und Intervallfunktionen in C-XSC (in German)},
    year      = {2005},
    note = {Available from  \url{http://www.math.uni-wuppertal.de/~xsc/literatur/a_priori.pdf}}
}



@misc{Holoborodko2012,
author = {P. Holoborodko},
title = {MPFR C++: A high-performance C++ interface for the MPFR library},
year = {2008-2012},
note = "Online resource: \url{http://www.holoborodko.com/pavel/mpfr/}"
}






@misc{Wilkening2008,
author = {J. Wilkening},
title = {gmpfrxx : A C++ interface for GMP and MPFR},
year = {2008},
note = "Online resource: \url{http://math.berkeley.edu/~wilken/code/gmpfrxx/}"
}




@misc{Luschny2012,
author = {Peter Luschny},
title = {Approximation Formulas for the Factorial Function},
year = {2012},
note = "Web. Accessed June 3, 2012. Available at \url{http://www.luschny.de/math/factorial/approx/SimpleCases.html}"
}







@misc{Guennebaud2010,
 author = {Ga\"{e}l Guennebaud and Beno\^{i}t Jacob and others},
 title = {Eigen v3, a C++ template library for linear algebra: matrices, vectors, numerical solvers, and related algorithms.},
 year = {2010},
note = "Online resource: \url{http://eigen.tuxfamily.org}"
}



@misc{vanDrimmelen2013,
 author = {Govert van Drimmelen},
 title = {Excel-DNA: an independent project to integrate .NET into Excel.},
 year = {2013},
note = "Online resource: \url{http://excel-dna.net/}"
}


@misc{Savara2011,
 author = {Pavel \^{S}avara},
 title = {jni4net: a bridge between Java and .NET.},
 year = {2011},
note = "Online resource: \url{http://jni4net.sourceforge.net/index.shtml}"
}



@misc{Hipp2014,
 author = {D. Richard Hipp},
 title = {SQLite: an in-process library that implements a self-contained, serverless, zero-configuration, transactional SQL database engine.},
 year = {2014},
note = "Online resource: \url{http://www.hwaci.com/sw/sqlite/} and  \url{http://system.data.sqlite.org/index.html/doc/trunk/www/index.wiki} "
}


@misc{Lange2013,
 author = {Sebastian Lange},
 title = {NetOffice: .NET Wrapper Assemblies for accessing MS Office applications.},
 year = {2012},
note = "Online resource: \url{http://netoffice.codeplex.com/}"
}



@misc{Johnson2012,
 author = {Steven G. Johnson},
 title = {NLOPT v2.3: a free/open-source library for nonlinear optimization.},
 year = {2012},
note = "Online resource: \url{http://ab-initio.mit.edu/wiki/index.php/NLopt}"
}

@misc{SharpDevelop2013,
 author = {M. Kr\"uger and D. Grunwald and M. Ward and D. Srbecky and S. Pammer and P. Forstmeier and others},
 title = {SharpDevelop: a free IDE for .NET programming languages.},
 year = {2013},
note = "Online resource: \url{http://www.icsharpcode.net/OpenSource/SD/}"
}









@Article{MPFI_2005,
  author =       {Nathalie Revol and Fabrice Rouillier},
  title =        {Motivations for an arbitrary precision interval arithmetic and the MPFI library},
  journal =      {Reliable Computing},
  volume =       {11},
  number =       {4},
  year =         {2005},
  pages =        {275--290},
	note = "Online resource: \url{https://gforge.inria.fr/projects/mpfi/}"
},


@Article{INTLAB_1999,
  author =       {Rump, S.M.},
  title =        {INTLAB - INTerval LABoratory},
  journal =      {In Tibor Csendes, editor, Developments in Reliable Computing. Kluwer Academic Publishers, Dordrecht},
  year =         {1999},
  pages =        {77-104},
	note = "Online resource: \url{http://www.ti3.tu-harburg.de/~rump/intlab/}"
}



@Article{Hayer2003,
  author =       {Brian Hayes},
  title =        {A Lucid Interval},
  journal =      {American Scientist},
  year =         {2003},
	volume =       {91},
  number =       {6},
  pages =        {484-488},
	note = "Available at: \url{http://www.cs.utep.edu/interval-comp/hayes.pdf}"
}



@Manual{Granlund12,
  title = 	 {{GNU MP}: {T}he {GNU} {M}ultiple {P}recision
		  {A}rithmetic {L}ibrary},
  author = {Torbj\"orn Granlund and {the GMP development team}},
  edition = 	 {5.1.2},
  year = 	 {2013},
  note = "Online resource: \url{http://gmplib.org/}. The GMP manual is available from  \url{http://gmplib.org/gmp-man-5.1.2.pdf}"
}


@book{NIST,
	title = {NIST Handbook of Mathematical Functions},
	publisher = {Cambridge},
	author = {Olver,F.W.J. and Lozier, D.W. and Boisvert, R.F. and Clark, C.W. },
	edition = {1},
	year = {2010},
	note = "Online resource: NIST Digital Library of Mathematical Functions \url{http://dlmf.nist.gov/}"
},


@book{Klemens2008,
	title = {Modeling with Data: Tools and Techniques for Scientific Computing},
	publisher = {Princeton University Press},
	author = {Ben Klemens},
	edition = {1st},
	year = {2008},
	note = "Available as \url{http://ben.klemens.org/pdfs/gsl_stats.pdf}"
},




@book{Brent2010,
	title = {Modern Computer Arithmetic},
	publisher = {Cambridge University Press},
	author = {Brent, R. and Zimmermann, P.},
	edition = {1st},
	year = {2010},
	note = "A preliminary version (0.5.9) of the book is available from \url{http://www.loria.fr/~zimmerma/mca/mca-cup-0.5.9.pdf}"
},


@book{Agresti_2002,
	title = {Categorical Data Analysis},
	publisher = {Wiley},
	author = {Agresti, A.},
	year = {2002}
},



@book{NumericalRecipes_2007,
	title = {Numerical Recipes: The Art of Scientific Computing},
	publisher = {Cambridge University Press},
	author = {Press, W.H. and Teukolsky, S.A. and Vetterling, W.T. and Flannery, B.P.},
	edition = {3rd},
	year = {2007},
	note = "Available from \url{http://www.nr.com/}"
},



@book{Arndt_2011,
	title = {Matters Computational - Ideas, Algorithms, Source Code},
	publisher = {Springer},
	author = {Arndt, J.},
	year = {2011},
	note = "Available from \url{http://www.jjj.de/fxt/\#fxtbook}"
},


@book{Cuyt_2008,
	title = {Handbook of Continued Fractions for Special Functions},
	publisher = {Springer},
	author = {Cuyt, A.A.M. and Petersen, V. and Verdonk, B. and Waadeland, H. and Jones, W.B.},
	year = {2008}
},


@article{Cuyt_2001,
author =  {Cuyt, A.A.M. and Verdonk, B. and Becuve, S. and Kuterna, P.},
title = {A remarkable example of catastrophic cancellation unraveled},
journal ={Computing},
volume = {66},
number = {3},
year = {2001},
pages = {309--320},
}



@book{dalton2007financial,
  title={Financial Applications Using Excel Add-in Development in C / C++},
  author={Dalton, S.},
  isbn={9780470319048},
  series={The Wiley Finance Series},
  url={http://books.google.co.uk/books?id=qmQo8TBlOY8C},
  year={2007},
  publisher={Wiley}
}


@book{Kreibich2010,
  title={Using SQLite},
  author={Jay A. Kreibich},
  Note= "Online resource: \url{http://shop.oreilly.com/product/9780596521196.do}",
  year={2010},
  publisher={O'Reilly Media}
}



@book{McKinney2012,
  title={Python for Data Analysis},
  author={Wes McKinney },
  Note= "Online resource: \url{http://shop.oreilly.com/product/0636920023784.do}",
  year={2012},
  publisher={O'Reilly Media}
}


@book{Adler2012,
  title={R in a Nutshell},
  author={Joseph Adler},
  Note= "Online resource: \url{http://shop.oreilly.com/product/0636920022008.do}",
  year={2012},
	edition = {2nd},
  publisher={O'Reilly Media}
}

@book{Verzani2011,
  title={Getting Started with RStudio - An Integrated Development Environment for R},
  author={John Verzani},
  Note= "Online resource: \url{http://shop.oreilly.com/product/0636920021278.do}",
  year={2011},
	edition = {1st},
  publisher={O'Reilly Media}
}

@book{Chang2012,
  title={R Graphics Cookbook - Practical Recipes for Visualizing Data},
  author={Winston Chang},
  Note= "Online resource: \url{http://shop.oreilly.com/product/0636920023135.do}",
  year={2012},
	edition = {1st},
  publisher={O'Reilly Media}
}


@book{Higham2002,
  title={Accuracy and Stability of Numerical Algorithms},
  author={Nicholas J. Higham},
  Note= "Online resource: \url{http://www.maths.manchester.ac.uk/~higham/asna/}",
  year={2002},
	edition = {1st},
  publisher={SIAM}
}



@book{Benninga2008,
  title={Financial Modeling},
  author={Simon Benninga},
  Note= "Online resource: \url{http://simonbenninga.com/fm3contents.htm}",
  year={2008},
	edition = {3rd},
  publisher={The MIT Press}
}


@book{Sprent2007,
  title={Applied Nonparametric Statistical Methods},
  author={Peter Sprent and Nigel C. Smeeton},
  year={2007},
	edition = {4th},
  publisher={Chapman \& Hall/CRC}
}



@book{Desu2004,
  title={Nonparametric Statistical Methods for Complete and Censored Data},
  author={Desu, M.M. and Raghavarao, D},
  year={2004},
	edition = {1st},
  publisher={Chapman \& Hall/CRC}
}


@book{Shoup2009,
  title={A Computational Introduction to Number Theory and Algebra},
  author={Victor Shoup},
  year={2009},
	note = "Available as \url{http://shoup.net/ntb/ntb-v2.pdf}",
	edition = {2nd},
  publisher={Cambridge University Press}
}








@book{Golub1996,
  title={Matrix Computations},
  author={Gene H. Golub and Charles F. {Van Loan}},
  year={1996},
	edition = {3rd},
  publisher={The John Hopkins University Press}
}




@book{Benninga2010,
  title={Principles of Finance with Excel},
  author={Simon Benninga},
  Note= "Online resource: \url{http://simonbenninga.com/pfe2instructorpage.htm}",
  year={2010},
	edition = {2nd},
  publisher={Oxford University Press}
}



@Misc{Higham2009,
  author = {Nicholas J. Higham},
  title = {Accuracy and Stability of Numerical Algorithms - Presentation given at 3rd Many-core and Reconﬁgurable Supercomputing Network Workshop Queen’s University, Belfast, January 15-16, 2009},
  year = {2009},
	note = "Available as \url{http://cpc.cs.qub.ac.uk/MRSN/higham.pdf}"
},


		
		
		
@book{Bailey_2006,
	title = {Tanh-Sinh High-Precision Quadrature},
	publisher = {Manuscript},
	author = {Bailey, D.H.},
	year = {2006},
	note = "Available as \url{http://crd-legacy.lbl.gov/~dhbailey/dhbpapers/dhb-tanh-sinh.pdf}"
},



@Misc{Ehrhard_2013,
  author = {Wolfgang Ehrhard},
  title = {AMath and DAMath Special Functions: Reference Manual and Implementation Notes},
  month = {June},
  year = {2013},
	note = "Available as \url{http://www.wolfgang-ehrhardt.de/specialfunctions.pdf}"
},

 % howpublished = {http://www.wolfgang-ehrhardt.de/misc_en.html/\#amath},

@Misc{boost_random,
  author = {Jens Maurer and Steven Watanabe},
  title = {Boost Random Number Library},
  howpublished = {http://www.boost.org/libs/random/},
  month = {June},
  year = {2013},
	note = "Documentation available as \url{http://www.boost.org/doc/libs/1_54_0/doc/html/boost_random.html}"
},



@Misc{boost_multiprecision,
  author = {John Maddock and Christopher Kormanyos},
  title = {Boost Multiprecision Library},
  howpublished = {http://www.boost.org/libs/multiprecision/},
  month = {June},
  year = {2013},
	note = "Documentation available as \url{http://www.boost.org/doc/libs/1_54_0/libs/multiprecision/doc/html/index.html}"
},


@Misc{boost_odeint,
  author = {Karsten Ahnert and Mario Mulansky},
  title = {Boost Odeint Library},
  howpublished = {http://www.boost.org/libs/odeint/},
  month = {June},
  year = {2013},
	note = "Documentation available as \url{http://www.boost.org/doc/libs/1_54_0/libs/numeric/odeint/doc/html/index.html}"
},


@Misc{boost_math,
  author = {Paul A. Bristow and Hubert Holin and Christopher Kormanyos and Bruno Lalande and John Maddock and Johan Råde and Benjamin Sobotta and Gautam Sewani and Thijs van den Berg and Daryle Walker and and Xiaogang Zhang},
  title = {Boost Math Toolkit Library},
  howpublished = {http://www.boost.org/libs/math/},
  month = {June},
  year = {2013},
	note = "Documentation available as \url{http://www.boost.org/doc/libs/1_54_0/libs/math/doc/html/index.html}"
},



@ARTICLE{Bailey_2004,
    author = {David H. Bailey and Karthik Jeyabalan and Xiaoye S. Li},
    title = {A comparison of three high-precision quadrature schemes},
    journal = {Experimental Mathematics},
    year = {2004},
    volume = {14},
    pages = {317--329},
	  note = "Available as \url{http://crd-legacy.lbl.gov/~dhbailey/dhbpapers/quadrature.pdf}"
}

@article{Ghazi2010,
author =  {Kaveh R. Ghazi  and Vincent Lef\`evre and Philippe Th\'eveny and Paul Zimmermann},
title = {Why and How to Use Arbitrary Precision},
journal ={Computing in Science and Engineering},
volume = {12},
number = {3},
year = {2010},
pages = {62--65},
note = "Preprint available at \url{http://citeseerx.ist.psu.edu/viewdoc/download?doi=10.1.1.212.6321&rep=rep1&type=pdf}"
}


@ARTICLE{Benton_2003,
    author = {Denise Benton and K. Krishnamoorthy},
    title = {Computing discrete mixtures of continuous distributions: noncentral chisquare, noncentral t and the distribution of the square of the sample multiple correlation coefficient},
    journal = {Computational Statistics \& Data Analysis},
    year = {2003},
    volume = {14},
    pages = {249--267},
	  note = "Available as \url{http://www.ucs.louisiana.edu/~kxk4695/CSDA-03.pdf}"
}



@article{Ogita_2005,
	title = {Accurate sum and dot product},
	volume = {26},
	journal = {SIAM J. Sci. Comput.},
	author = {Ogita, T. and Rump, S.M. and Oishi, S.},
	year = {2005},
	keywords = {Accurate sum and dot product},
	pages = {1955--1988},
	note = "Available as \url{http://www.ti3.tu-harburg.de/paper/rump/OgRuOi05.pdf}"
},


@ARTICLE{Goldberg91whatevery,
    author = {David Goldberg},
    title = {What Every Computer Scientist Should Know About Floating Point Arithmetic},
    journal = {ACM Computing Surveys},
    year = {1991},
    volume = {23},
    number = {1},
    pages = {5--48},
		note = "Extended and edited reprint from \url{http://citeseerx.ist.psu.edu/viewdoc/summary?doi=10.1.1.22.6768}"
}



@article{DiDonato_1987,
	title = {Computation of the Incomplete Gamma Function Ratios and their Inverse},
	volume = {12},
	journal = {ACM TOMS},
	author = {DiDonato, A.R. and Morris, A.H.},
	year = {1986},
	keywords = {Gamma Function},
	pages = {377--393},
	note = "Fortran source: ACM TOMS 13 (1987) pp. 318-319; available from \url{http://netlib.org/toms/654}"
},

@article{pearson_2009,
	title = {Computation of Hypergeometric Functions},
	journal = {Masters thesis},
	author = {Pearson, J.},
	year = {2009},
	keywords = { Hypergeometric Functions},
	note = "Available as \url{http://people.maths.ox.ac.uk/porterm/research/pearson_final.pdf}"
},


@article{pugh_2004,
	title = {An Analysis of the Lanczos Gamma Approximation},
	journal = {PhD thesis, The University of British Columbia},
	author = {Pugh, G.R.},
	year = {2004},
	keywords = { Gamma Functions},
	note = "Available as \url{http://laplace.physics.ubc.ca/ThesesOthers/Phd/pugh.pdf}"
},


@article{patefield_2000,
	title = {Fast and accurate Calculation of Owen’s T-Function},
	journal = {Journal of Statistical Software},
	author = {Patefield, M. and Tand, D.},
	year = {2000},
	keywords = {Owen’s T-Function},
	note = "Available as \url{http://www.jstatsoft.org/v05/i05/paper}"
},



@article{ding_1992,
	title = {Algorithm AS 275: Computing the non-central {$\chi^2$} distribution function},
	volume = {41},	
	journal = {Applied Statistics},
	author = {Ding, C. G.},
	year = {1992},
	keywords = {Noncentral Chisquare},
	pages = {478–-482}
},



@book{abramowitz_handbook_1970,
	address = {New York},
	title = {Handbook of Mathematical Functions},
	publisher = {Dekker},
	author = {Abramowitz,, M. and Stegun., {I.A.}},
	year = {1970},
	note = "Available as \url{http://www.math.sfu.ca/~cbm/aands/}"
},

@book{kirk_experimental_1982,
	title = {Experimental Design: Procedures for the Behavioral Sciences},
	publisher = {{Brooks/Cole} Publishing Co},
	author = {Kirk, Roger E.},
	edition = {2nd},
	year = {1982}
},


@book{Hollander_2013,
	title = {Nonparametric Statistical Methods (Wiley Series in Probability and Statistics)},
	publisher = {Wiley},
	author = {Myles Hollander and Douglas A. Wolfe and Eric Chicken},
	edition = {3rd},
	year = {2013}
},



@book{Schaling_2011,
	title = {The Boost C++ Libraries},
	publisher = {XML Press},
	author = {Sch\"aling, Boris},
	edition = {1st},
	note = "online-book available at \url{http://en.highscore.de/cpp/boost/}",
	year = {2011}
},




@book{Demming_2010,
	title = {Introduction to the Boost C++ Libraries. Volume 1 - Foundations},
	publisher = {Datasim},
	author = {Demming, Robert and Duffy, Daniel J.},
	edition = {1st},
	note = "Online resource \url{http://www.datasim-press.com/BoostVolumeI.html}",
	year = {2010}
},


@book{Demming_2012,
	title = {Introduction to the Boost C++ Libraries. Volume 2 - Advanced Libraries},
	publisher = {Datasim},
	author = {Demming, Robert and Duffy, Daniel J.},
	edition = {1st},
	note = "Online resource \url{http://www.datasim-press.com/BoostVolumeII.html}",
	year = {2012}
},




@article{guenther_power_1977,
	title = {Power and Sample Size for Approximate Chi-square Tests},
	volume = {31},
	journal = {The American Statistician},
	author = {Guenther, William C.},
	year = {1977},
	keywords = {about, chi-squared, Hypotheses, multinomials;, Noncentral},
	pages = {83--85}
},

@article{noether_sample_1987,
	title = {Sample Size Determination for Some Common Nonparametric Tests},
	volume = {82},
	journal = {Journal of the American Statistical Association},
	author = {Noether, Gottfried E.},
	year = {1987},
	keywords = {Independence;, Odds, ratio, Sign, test;, Wilcoxon},
	pages = {645--647}
},

@article{tamhane_generalized_1998,
	title = {A Generalized Step-up-down Multiple Test Procedure},
	volume = {26},
	journal = {The Canadian Journal of Statistics},
	author = {Tamhane, Ajit C. and Liu, Wei and Dunnett, Charles W.},
	year = {1998},
	keywords = {a, comparisons;, Error, Multiple, of, Power, rate;, test},
	pages = {353--363}
},

@article{guenther_two-sided_1985,
	title = {Two-sided Distribution-free Tolerance Intervals and Accompanying Sample Size Problems},
	volume = {17},
	journal = {Journal of Quality Technology},
	author = {Guenther, William C.},
	year = {1985},
	pages = {40--43}
},

@book{sachs_guide_1986,
	title = {A Guide to Statistical Methods and to the Pertinent Literature: Literatur Zur Angewandten Statistik},
	publisher = {Springer-Verlag Inc},
	author = {Sachs, Lothar},
	year = {1986}
},

@book{sachs_statistical_1993,
	title = {Statistical Methods. Design and Analysis {(Seventh} Edition) {(German)}},
	publisher = {Springer-Verlag Inc},
	author = {Sachs, Lothar},
	year = {1993}
},

@book{siotani_modern_1985,
	title = {Modern Multivariate Statistical Analysis: a Graduate Course and Handbook},
	publisher = {American Sciences Press},
	author = {Siotani, Minoru and Hayakawa, Takesi and Fujikoshi, Yasunori},
	year = {1985}
},

@book{buening_nonparametric_1978,
	title = {Nonparametric Statistical Methods {(German)}},
	publisher = {Walter de Gruyter and Company},
	author = {B\"uning, H. and Trenkler, G.},
	year = {1978}
},

@article{guenther_calculation_1977,
	title = {Calculation of Factors for Tests and Confidence Intervals Concerning the Ratio of Two Normal Variances},
	volume = {31},
	journal = {The American Statistician},
	author = {Guenther, William C.},
	year = {1977},
	keywords = {calculator;, computing;, Desk, Snedecor, Statistical},
	pages = {175--177}
},

@article{owen_special_1965,
	title = {A Special Case of a Bivariate Non-central {$t$}-distribution},
	volume = {52},
	journal = {Biometrika},
	author = {Owen, D. B.},
	year = {1965},
	keywords = {limit, plan;, Sampling, tolerance},
	pages = {437--446}
},


@article{owen_1956,
	title = {Tables for computing bivariate normal probabilities},
	volume = {27},
	journal = {Ann. Math. Statist.},
	author = {Owen, D. B.},
	year = {1956},
	pages = {1075--1090},
	note = "Available as \url{http://projecteuclid.org/DPubS/Repository/1.0/Disseminate?view=body&id=pdf_1&handle=euclid.aoms/1177728074}"	
},



@article{Butler_Wood_2002,
	title = {Laplace approximations for hypergeometric functions with matrix arguments},
	volume = {30},
	journal = {Ann. Statist.},
	author = {Butler, R.W. and Wood, A.T.A.},
	year = {2002},
	pages = {1155--1177},
	note = "Available at (permanent URL): \url{http://projecteuclid.org/DPubS?service=UI&version=1.0&verb=Display&handle=euclid.aos/1031689021}"	
},


@article{Butler_Wood_2003,
 author = {Butler, R.W. and Wood, A.T.A.},
 title = {Laplace approximation for Bessel functions of matrix argument},
 journal = {J. Comput. Appl. Math.},
 issue_date = {15 June 2003},
 volume = {155},
 number = {2},
 month = jun,
 year = {2003},
 issn = {0377-0427},
 pages = {359--382},
 numpages = {24},
 url = {http://dx.doi.org/10.1016/S0377-0427(02)00874-9},
 doi = {10.1016/S0377-0427(02)00874-9},
 acmid = {860112},
 publisher = {Elsevier Science Publishers B. V.},
 address = {Amsterdam, The Netherlands, The Netherlands},
 keywords = {Bessel function, Laplace approximation, asymptotic approximation, confluence relation, hypergeometric function},
} 




@book{miller_simultaneous_1981,
	address = {New York},
	title = {Simultaneous statistical inference},
	isbn = {0387905480},
	publisher = {Springer-Verlag},
	author = {Miller, Rupert},
	year = {1981}
},


@book{Hardy_2009,
	title = {Applied Algebra: Codes, Ciphers and Discrete Algorithms (Discrete Mathematics and Its Applications)},
	edition = {2nd},
	publisher = {Chapman and Hall/CRC},
	author = {Hardy D.W., Richman F., Walker C.L.},
	year = {2009}
},



@book{Janert_2010,
	title = {Gnuplot in Action - Understanding Data with Graphs},
	edition = {1st},
	publisher = {Manning Publications},
	author = {Janert, P.K.},
	year = {2010}
},



@book{kirk_experimental_1995,
	title = {Experimental Design: Procedures for the Behavioral Sciences},
	publisher = {Duxbury Press},
	author = {Kirk, Roger E.},
	edition = {3rd},
	year = {1995}
},


@book{kirk_experimental_2013,
	title = {Experimental Design: Procedures for the Behavioral Sciences},
	publisher = {SAGE Publications},
	author = {Kirk, Roger E.},
	edition = {4th},
	year = {2013}
},




@book{harter_selected_1975,
	title = {Selected Tables in Mathematical Statistics, Vol. 3},
	publisher = {American Mathematical Society},
	author = {Harter, H. L. (ed.) and Owen, D. B. (ed.)},
	year = {1975}
},

@book{odeh_1986,
	title = {Confidence limits on the correlation coefficient. In: Selected Tables in Mathematical Statistics, Vol. 10},
	publisher = {American Mathematical Society},
	author = {Odeh, Robert E.},
	year = {1986}
},


@book{sachs_applied_1984,
	title = {Applied Statistics: A Handbook of Techniques {(Second} Edition)},
	publisher = {Springer-Verlag Inc},
	author = {Sachs, Lothar},
	year = {1984}
},

@article{lee_distribution_1971,
	title = {Distribution of the Canonical Correlations and Asymptotic Expansions for Distributions of Certain Independent Test Statistics},
	volume = {42},
	journal = {The Annals of Mathematical Statistics},
	author = {Lee, Yoong-Sin},
	note = "Available at \url{http://projecteuclid.org/euclid.aoms/1177693403}",
	year = {1971},
	pages = {526–537}
},



@book{noether_introduction_1990,
	title = {Introduction to Statistics: the Nonparametric Way},
	publisher = {Springer-Verlag Inc},
	author = {Noether, Gottfried E. and Dueker, Marilyn},
	year = {1990}
},

@article{owen_moments_1962,
	title = {Moments of Order Statistics from the Equicorrelated Multivariate Normal Distribution},
	volume = {33},
	journal = {The Annals of Mathematical Statistics},
	author = {Owen, D. B. and Steck, G. P.},
	year = {1962},
	pages = {1286--1291}
},


@article{dunnett_multiple_1955,
	title = {A Multiple Comparison Procedure for Comparing Several Treatments with a Control},
	volume = {50},
	journal = {Journal of the American Statistical Association},
	author = {Dunnett, Charles W.},
	year = {1955},
	pages = {1096--1121}
},

@article{guenther_pearson_rho_1977,
	title = {Desk Calculation of Probabilities for the Distribution of the Sample Correlation Coefficient},
	volume = {31},
	journal = {The American Statistician},
	author = {Guenther, William C.},
	year = {1977},
	keywords = {{\$F\$;}, {\$F\$-distribution}, Bivariate, computing;, distribution;, normal, Snedecor, Statistical},
	pages = {45--48}
},

@article{lee_results_1971,
	title = {Some Results on the Sampling Distribution of the Multiple Correlation Coefficient},
	volume = {33},
	journal = {Journal of the Royal Statistical Society, Series B, Methodological},
	author = {Lee, Yoong-Sin},
	year = {1971},
	keywords = {Beta, chi-squared, distribution, distribution;, formula;, Non-central, normal, Recurrence},
	pages = {117--130}
},

@article{lee_asymptotic_1971,
	title = {Asymptotic Formulae for the Distribution of a Multivariate Test Statistic: Power Comparisons of Certain Multivariate Tests},
	volume = {58},
	journal = {Biometrika},
	author = {Lee, Yoong-Sin},
	year = {1971},
	keywords = {Likelihood, ratio, test, test;, Wilks},
	pages = {647--651}
},


@article{lee_results_1972,
	title = {Some Results on the Distribution of Wilks's Likelihood-ratio Criterion},
	volume = {59},
	journal = {Biometrika},
	author = {Lee, Yoong-Sin},
	year = {1972},
	keywords = {{(MANOVA);}, analysis, Asymptotics;, Beta, distribution;, Multivariate, of, Tables, variance},
	pages = {649--664}
},

@book{sachs_statistical_1988,
	title = {Statistical Methods: Planning and Evaluation {(German)}},
	publisher = {Springer-Verlag Inc},
	author = {Sachs, L.},
	year = {1988}
},

@article{subrahmaniam_extensions_1983,
	title = {Some Extensions to Miss F. N. David's Tables of Sample Correlation Coefficient: Distribution Function and Percentiles},
	volume = {45},
	journal = {Sankhya, Series B, Indian Journal of Statistics},
	author = {Subrahmaniam, Kathleen and Subrahmaniam, Kocherlakota},
	year = {1983},
	pages = {75--147}
},

@article{subrahmaniam_robustness_1975,
	title = {On the Robustness of Some Tests of Significance in Sampling from a Compound Normal Population},
	volume = {70},
	journal = {Journal of the American Statistical Association},
	author = {Subrahmaniam, Kocherlakota and Subrahmaniam, Kathleen and Messeri, J. Y.},
	year = {1975},
	keywords = {\$t\$-test;, {[ANOVA];}, analysis, Contamination;, of, One-sample, Regression, variance},
	pages = {435--438}
},

@article{peizerNormalPart1_1968,
	title = {A Normal Approximation for Binomial, {$F$}, Beta, and Other Common, Related Tail Probabilities. I {(Ref:} P1457-1483)},
	volume = {63},
	journal = {Journal of the American Statistical Association},
	author = {Peizer, David B. and Pratt, John W.},
	year = {1968},
	keywords = {Binomial, chi-squared, Computation;, distribution, distribution;, Gamma, negative},
	pages = {1416--1456}
},


@article{Patnaik_1949,
	title = {The noncentral {$\chi^2$}and {$F$}-distributions and their applications},
	volume = {36},
	journal = {Biometrika},
	author = {Patnaik, P. B.},
	year = {1949},
	keywords = {chi-squared, Computation;, distribution, distribution},
	pages = {202-–232}
},

@article{Pearson_1959,
	title = {Note on an approximation to the distribution of noncentral  {$\chi^2$}},
	volume = {46},
	journal = {Biometrika},
	author = {Pearson, P. B.},
	year = {1959},
	keywords = {chi-squared, Computation;, distribution, distribution},
	pages = {364}
},




@article{Mudholkar_1975,
author = {Mudholkar, G. S. and Chaubey, Y. P. and Lin, C.-C.},
title = {Some Approximations for the Noncentral-F Distribution},
journal = {Technometrics},
volume = {18},
number = {3},
pages = {351-358},
year = {1975},
doi = {10.1080/00401706.1976.10489456},
URL = {http://www.tandfonline.com/doi/abs/10.1080/00401706.1976.10489456},
eprint = {http://www.tandfonline.com/doi/pdf/10.1080/00401706.1976.10489456}
}



@article{Mudholkar_1976,
author = {Mudholkar, G. S. and Chaubey, Y. P. and Lin, C.-C.},
title = {Approximations for the doubly noncentral-F distribution},
journal = {Communications in Statistics - Theory and Methods},
volume = {5},
number = {1},
pages = {49-63},
year = {1976},
doi = {10.1080/03610927608827331},
URL = {http://www.tandfonline.com/doi/abs/10.1080/03610927608827331},
eprint = {http://www.tandfonline.com/doi/pdf/10.1080/03610927608827331}
}



@article{Chou_1985,
author = {Chou, Youn-Min},
title = {New representations for the doubly noncentral $F$-distribution and derived distribution},
journal = {Communications in Statistics - Theory and Methods},
volume = {14},
number = {3},
pages = {527-534},
year = {1985},
doi = {10.1080/03610928508828931},

URL = {http://www.tandfonline.com/doi/abs/10.1080/03610928508828931},
eprint = {http://www.tandfonline.com/doi/pdf/10.1080/03610928508828931}
}


@article{Sahai_1974,
	title = {Comparisons of approximations to the percentiles of the t, chi-square, and F distributions},
	volume = {3},
	journal = {JSCS},
	author = {Sahai, H. and Thompson, W.O.},
	year = {1974},
	keywords = {chi-squared, Computation;, distribution, distribution},
	pages = {81--93}
},

@article{Butler_2002,
	title = {Calculating the density and distribution function for the singly and doubly noncentral F},
	volume = {12},
	journal = {Statistics and Computing},
	author = {Butler, R.W. and Paolella, M.S.},
	year = {2002},
	keywords = {chi-squared, Computation;, distribution, distribution},
	note = "Working paper (1999) available at \url{http://129.82.101.115/statresearch/stattechreports/Technical\%20Reports/1999/99-6\%20Butler\%20Paolella.pdf}",
	pages = {9--16}
},


@article{Penev_2000,
	title = {A Wiener Germ Approximation of the Noncentral Chi Square Distribution and of Its Quantiles},
	volume = {15},
	journal = {Computational Statistics},
	author = {Penev, S. and Raykov,T.},
	year = {2000},
	keywords = {chi-squared, Computation;, distribution},
	note = "Preprint available at \url{http://www.researchgate.net/publication/2648631_A_Wiener_Germ_Approximation_of_the_Noncentral_Chi_Square_Distribution_and_of_Its_Quantiles}",
	pages = {219-228}
},


@article{Andras_2008,
title = "Properties of the probability density function of the non-central chi-squared distribution ",
journal = "Journal of Mathematical Analysis and Applications ",
volume = "346",
number = "2",
pages = "395 - 402",
year = "2008",
note = "Available at \url{http://www.sciencedirect.com/science/article/pii/S0022247X08005696}",
issn = "0022-247X",
doi = "http://dx.doi.org/10.1016/j.jmaa.2008.05.074",
author = {Andr\'as, S. and Baricz, \'A.},
}


@article{Box_1949,
	title = {A general distribution theory for a class of likelihood criteria},
	volume = {36},
	journal = {Biometrika},
	author = {Box, G.E.P.},
	year = {1949},
	keywords = {chi-squared, Computation;, distribution},
	pages = {317--346}
},

@article{Davis_1971,
	title = {Percentile approximations for a class of likelihood ratio criteria},
	volume = {58},
	journal = {Biometrika},
	author = {Davis, A.W.},
	year = {1971},
	keywords = {chi-squared, Computation;, distribution},
	pages = {349--356}
},

@article{Tiku_1966,
	title = {A Note on Approximating to the Non-Central F-Distribution},
	volume = {53},
	journal = {Biometrika},
	author = {Tiku, M.L.},
	year = {1966},
	keywords = {F, Computation;, distribution},
	pages = {606--610}
},


@article{Didonato_1992,
 author = {DiDonato, Armido R. and Morris,Jr., Alfred H.},
 title = {Algorithm 708: Significant digit computation of the incomplete beta function ratios},
 journal = {ACM Trans. Math. Softw.},
 volume = {18},
 number = {3},
 month = sep,
 year = {1992},
 pages = {360--373},
 keywords = {F-distribution, continued fractions, minimax approximations},
} 

@article{Carlson_1995,
year={1995},
issn={1017-1398},
journal={Numerical Algorithms},
volume={10},
number={1},
doi={10.1007/BF02198293},
title={Numerical computation of real or complex elliptic integrals},
url={http://dx.doi.org/10.1007/BF02198293},
publisher={Baltzer Science Publishers, Baarn/Kluwer Academic Publishers},
keywords={Elliptic integral; algorithm; numerical computation; primary 33A25, 33-04, 65D20; secondary 33A10, 30-04, 32-04},
author={Carlson, B.C.},
pages={13-26},
language={English}
}


@article{Carlson_1994,
author = {B. C. Carlson and J. L. Gustafson},
title = {{Asymptotic Approximations for Symmetric Elliptic Integrals}},
journal = {Siam Journal on Mathematical Analysis},
volume = {25},
year = {1994},
issue = {2},
doi = {10.1137/S0036141092228477},
masid = {16452472}
}


@article{Temme_1994,
author = {Temme,N. M.},
title = {A Set of Algorithms for the Incomplete Gamma Functions},
journal = {Probability in the Engineering and Informational Sciences},
volume = {8},
issue = {02},
month = {4},
year = {1994},
issn = {1469-8951},
pages = {291--307},
numpages = {17},
doi = {10.1017/S0269964800003417},
URL = {http://journals.cambridge.org/article_S0269964800003417},
}


@article{Temme_1979,
author = {Temme,N. M.},
title = {The asymptotic expansion of the incomplete gamma functions},
journal = {SIAM J. Math. Anal.},
volume = {10},
year = {1979},
pages = {757-–766},
}



@article{Abdel-Aty_1954,
	title = {Approximate formulae for the percentage points and the probability integral of the noncentral {$\chi^2$} distribution},
	volume = {41},
	journal = {Biometrika},
	author = {Abdel-Aty, S.H.},
	year = {1954},
	keywords = {chi-squared, Computation;, distribution},
	pages = {538--540}
},



@article{guenther_sample_1975,
	title = {A Sample Size Formula for a Non-central {$t$} Test},
	volume = {29},
	journal = {The American Statistician},
	author = {Guenther, William C.},
	year = {1975},
	keywords = {\$t\$, Student},
	pages = {120--121}
},

@inproceedings{sundukchi_results_2000,
	title = {Some Results on Sample Size Problems for Inferences Based on the Rank-sum Wilcoxon Statistics},
	booktitle = {{ASA} Proceedings of the Sections on Statistical Computing and Statistical Graphics},
	publisher = {American Statistical Association},
	author = {Sundukchi, Mahdi S. and Guenther, William C.},
	year = {2000},
	pages = {92--97}
},

@book{harter_selected_1975-1,
	title = {Selected Tables in Mathematical Statistics Vol Lll},
	publisher = {American Mathematical Society},
	author = {Harter, H. L. (ed.) and Owen, D. B. (ed.)},
	year = {1975}
},

@article{guenther_use_1979,
	title = {The Use of Noncentral {$F$} Approximations for Calculation of Power and Sample Size},
	volume = {33},
	journal = {The American Statistician},
	author = {Guenther, William C.},
	year = {1979},
	keywords = {{\$F\$;}, Corner;, Hypothesis, Snedecor, Teacher's, testing},
	pages = {209--210}
},

@book{harter_selected_1975-2,
	title = {Selected Tables in Mathematical Statistics, Vol. 2},
	publisher = {American Mathematical Society},
	author = {Harter, H. L. (ed.) and Owen, D. B. (ed.)},
	year = {1975}
},

@article{fisher_percentile_1960,
	title = {The Percentile Points of Distributions Having Known Cumulants},
	volume = {2},
	journal = {Technometrics},
	author = {Fisher, Sir Ronald A. and Cornish, E. A.},
	year = {1960},
	keywords = {\$t\$-test;, Asymptotic, Behrens, Binomial, chi-squared, distribution;, expansion;, Hermite, integral;, Moments;, normal, parameter, polynomials;},
	pages = {209--225}
},

@inproceedings{sundukchi_results_1999,
	title = {Some Results on Sample Size Problems for Inferences Based on the Signed-rank Wilcoxon Statistic},
	booktitle = {{ASA} Proceedings of the Statistical Computing Section},
	publisher = {American Statistical Association},
	author = {Sundukchi, Mahdi S. and Guenther, William C.},
	year = {1999},
	pages = {250--255}
},

@article{guenther_sample_1981,
	title = {Sample Size Formulas for Normal Theory {$t$}-Tests},
	volume = {35},
	journal = {The American Statistician},
	author = {Guenther, William C.},
	year = {1981},
	keywords = {Corner, Teacher's},
	pages = {243--244}
},

@article{owen_survey_1968,
	title = {A Survey of Properties and Applications of the Noncentral {$t$}-distribution},
	volume = {10},
	journal = {Technometrics},
	author = {Owen, D. B.},
	year = {1968},
	keywords = {Bibliography;, Confidence, limits;, plan, Power;, Sample, tolerance},
	pages = {445--478}
},


@article{Broda_2007,
	title = {Saddlepoint Approximations for the Doubly Noncentral t Distribution},
	volume = {51},
	journal = {Computational Statistics \& Data Analysis},
	author = {Broda, S.A. and Paolella, M.},
	year = {2007},
	keywords = {Bibliography;, Confidence, limits;, plan, Power;, Sample, tolerance},
	note = "Postprint available as \url{http://www.zora.uzh.ch/16956/2/broda_dnct_07V.pdf}",
	pages = {2907--2918}
},



@book{bortz_distribution_1990,
	title = {Distribution Free Methods in Biostatistics {(German)}},
	publisher = {Springer-Verlag Inc},
	author = {Bortz, J. and Lienert, G. A. and Boehnke, K.},
	year = {1990}
},

@article{ong_non-central_1979,
	title = {The Non-central Negative Binomial Distribution},
	volume = {21},
	journal = {Biometrical Journal. Journal of Mathematical Methods in Biosciences. {[Continues:} Biometrische Zeitschrift. Zeitschrift für mathematische Methoden in den Biowissenschaften]},
	author = {Ong, S. H. and Lee, P. A.},
	year = {1979},
	keywords = {Characterization;, counting;, Generalized, hypergeometric;, negative, Neural, Photon, Poisson, Polya-Aeppli;},
	pages = {611--628}
},

@article{guenther_sample_1974,
	title = {Sample Size Formulas for Some Binomial Type Problems},
	volume = {16},
	journal = {Technometrics},
	author = {Guenther, William C.},
	year = {1974},
	keywords = {chi-squared, distribution;, Distribution-free, Hypothesis, intervals;, Poisson, testing, tolerance},
	pages = {465--467}
},

@book{odeh_tables_1980,
	title = {Tables for Normal Tolerance Limits, Sampling Plans, and Screening},
	publisher = {Marcel Dekker Inc},
	author = {Odeh, Robert E. and Owen, D. B.},
	year = {1980}
},


@book{Anderson_book_2003,
	title = {An Introduction to Multivariate Statistical Analysis},
	publisher = {John Wiley \& Sons, Inc.},
	author = {Anderson, T. W.},
	edition = {3},
	year = {2003}
},


@book{Rinne_book_2008,
	title = {Taschenbuch der Statistik},
	publisher = {Frankfurt, M. : Deutsch},
	author = {Rinne, H.},
	edition = {4},
	year = {2008}
},


@article{guenther_probabilities_1977,
	title = {Some Probabilities Available from Desk Calculators and Their Relation to Tables},
	volume = {31},
	journal = {The American Statistician},
	author = {Guenther, William C.},
	year = {1977},
	keywords = {Calculation, computing;, distribution;, distributions, of, probabilities;, probability, Standard, Statistical, Tables},
	pages = {41--45}
},

@article{guenther_normal_1982,
	title = {Normal Theory Sample Size Formulas for Some Nonnormal Distributions},
	volume = {11},
	journal = {Communications in Statistics, Part B – Simulation and Computation {[Split} from: {@J(CommStat)]}},
	author = {Guenther, William C.},
	year = {1982},
	keywords = {{\$F\$}, \$t\$, Friedman, Kruskal-Wallis, test, test;},
	pages = {727--732}
},

@article{winterbottom_1980,
	title = {Estimation for the Bivariate Normal Correlation Coefficient Using Asymptotic Expansions},
	volume = {9},
	journal = {Communications in Statistics, Part B – Simulation and Computation {[Split} from: {@J(CommStat)]}},
	author = {Winterbottom, A.},
	year = {1980},
	keywords = {Asymptotic expansions;},
	pages = {599--609}
},

@article{winterbottom_1979,
	title = {Cornish-Fisher Expansions for Confidence Limits},
	volume = {41},
	journal = {Communications in Statistics, Part B – Simulation and Computation},
	author = {Winterbottom, A.},
	year = {1979},
	keywords = {Asymptotic expansions;},
	pages = {69--79}
},


@article{akahira_1995,
	title = {On the new approximation to non-central t-distributions},
	volume = {25},
	number = {1},	
	journal = {J. Japan Statist. Soc},
	author = {Akahira, M. and Sato, M. and Torigoe, N.},
	year = {1995},
	keywords = {Asymptotic expansions;},
	note = "Available at \url{http://www.tulips.tsukuba.ac.jp/dspace/bitstream/2241/118436/1/JJSS_25-1.pdf}",
	pages = {1--18}
},


@article{akahira_1998,
	title = {A new higher order approximation to a percentage point of the distribution of the sample correlation coefficient},
	volume = {28},
	number = {1},	
	journal = {J. Japan Statist. Soc},
	author = {Akahira, M. and Torigoe, N.},
	year = {1998},
	keywords = {Asymptotic expansions;},
	note = "Available at \url{http://www.tulips.tsukuba.ac.jp/dspace/bitstream/2241/118439/1/JJSS_28-1.pdf}",
	pages = {45--57}
},


@article{vanEeden_1961,
	title = {A higher order approximation to a percentage point of the non-central t-distribution},
	volume = {29},
	journal = {International Statistical Review},
	author = {van Eeden, C.},
	year = {1961},
	keywords = {Asymptotic expansions;},
	pages = {4--31}
},



@article{canal_2005,
	title = {A normal approximation for the chi-square distribution},
	volume = {48},
	journal = {Computational Statistics \& Data Analysis},
	author = {Canal, L.},
	year = {2005},
	note = "Available at \url{http://www.sciencedirect.com/science/article/pii/S0167947304001069}",
	keywords = {Asymptotic expansions;},
	pages = {803–-808}
},





@article{hotelling_1953,
	title = {New Light on the Correlation Coefficient and Its Transforms},
	volume = {15},
	journal = {Journal of the Royal Statistical Society, Series B, Methodological},
	author = {Hotelling, Harold},
	year = {1953},
	keywords = {Calculation, computing;, distribution;, distributions, of, probabilities;},
	pages = {193--225}
},


@article{ruben_1966,
	title = {Some new results on the distribution of the sample correlation coefficient},
	volume = {28},
	journal = {Journal of the Royal Statistical Society, Series B, Methodological},
	author = {Ruben, H.},
	year = {1966},
	keywords = {Calculation, computing;, distribution;, distributions, of, probabilities;},
	pages = {513--525}
},



@article{cohen_1988,
	title = {Noncentral Chi-Square: Some Observations on Recurrence},
	volume = {42},
	journal = {The American Statistician},
	author = {Cohen, J. D.},
	year = {1988},
	keywords = {Calculation, computing;, distribution;, distributions, of, probabilities;},
	pages = {120--122}
},



@article{lee_tables_1972,
	title = {Tables of Upper Percentage Points of the Multiple Correlation Coefficient},
	volume = {59},
	journal = {Biometrika},
	author = {Lee, Yoong-Sin},
	year = {1972},
	keywords = {distribution;, function;, Hypergeometric, interpolation, Lagrangian, Multivariate, normal},
	pages = {175--189}
},


@article{gurland_1968,
	title = {A relatively simple form of the distribution of the multiple correlation coefficient},
	volume = {30},
	journal = {Journal of the Royal Statistical Society, Series B, Methodological},
	author = {Gurland, J.},
	year = {1968},
	keywords = {distribution;, function;},
	pages = {276--283}
},


@article{ling_accuracy_1984,
	title = {The accuracy of Peizer approximations to the hypergeometric distribution, with comparisons to some other approximations.},
	volume = {79},
	issn = {0162-1459},
	doi = {10.2307/2288333},
	journal = {{JASA.} Journal of the American Statistical Association},
	author = {Ling, Robert F. and Pratt, John W.},
	year = {1984},
	pages = {49--60}
},

@article{guenther_power_1977-1,
	title = {Power and Sample Size Determination When the Alternative Hypotheses Are Given in Quantiles},
	volume = {31},
	journal = {The American Statistician},
	author = {Guenther, William C.},
	year = {1977},
	keywords = {{\$F\$}, \$t\$;, Snedecor, Student},
	pages = {117--118}
}


@article {Kolassa1995,
author = {Kolassa, John E.},
title = {A comparison of size and power calculations for the wilcoxon statistic for ordered categorical data},
journal = {Statistics in Medicine},
volume = {14},
number = {14},
publisher = {Wiley Subscription Services, Inc., A Wiley Company},
issn = {1097-0258},
url = {http://dx.doi.org/10.1002/sim.4780141408},
doi = {10.1002/sim.4780141408},
pages = {1577--1581},
	note = "Available at \url{http://onlinelibrary.wiley.com/doi/10.1002/sim.4780141408/abstract}",
year = {1995},
}



@article{Arnold_1965,
	title = {Small sample power for the one sample Wilcoxon test for non-normal shift alternatives },
	volume = {36},
	number = {6},
	journal = {Ann. Stat. Math},
	author = {Arnold, H. J.},
	note = "Available at \url{http://projecteuclid.org/euclid.aoms/1177699805}",
	year = {1965},
	pages = {1767--1778}
},



@article{Klotz_1963,
	title = {Small sample power and efficiency for the one sample Wilcoxon and normal scores tests },
	volume = {34},
	number = {2},
	journal = {Ann. Stat. Math},
	author = {Klotz, J.},
	note = "Available at \url{http://projecteuclid.org/euclid.aoms/1177704175}",
	year = {1963},
		pages = {624--632}
},



@article{Steck_1969,
	title = {The Smirnov Two Sample Tests as Rank Tests},
	volume = {40},
	number = {4},
	journal = {The Annals of Mathematical Statistics},
	author = {Steck, G. P.},
	note = "Available at \url{http://projecteuclid.org/euclid.aoms/1177697516}",
	year = {1969},
		pages = {1449-1466}
},




@article{Robinson_1980,
	title = {An Asymptotic Expansion for Permutation Tests with Several Samples},
	volume = {8},
	number = {4},
	journal = {Ann. Stat.},
	author = {Robinson, J. },
	note = "Available at \url{http://projecteuclid.org/euclid.aos/1176345078}",
	year = {1980},
		pages = {851--864}
},





@article{Walster_1980,
	title = {Exact Noncentral Distributions of Wilks' Λ  and Wilks-Lawley U  Criteria as Mixtures of Incomplete Beta Functions: for Three Tests},
	volume = {8},
	number = {6},
	journal = {Ann. Stat.},
	author = {G. W. Walster and M. J. Tretter},
	note = "Available at \url{http://projecteuclid.org/euclid.aos/1176345210}",
	year = {1980},
		pages = {1388--1390}
},




@article{Tretter_1979,
	title = {Continued Fractions for the Incomplete Beta Function: Additions and Corrections},
	volume = {7},
	number = {2},
	journal = {Ann. Stat.},
	author = { M. J. Tretter and G. W. Walster},
	note = "Available at \url{http://projecteuclid.org/euclid.aos/1176344629}",
	year = {1979},
		pages = {462--465}
},




@article{Tretter_1975,
	title = {Central and Noncentral Distributions of Wilks' Statistic in Manova as Mixtures of Incomplete Beta Functions},
	volume = {3},
	number = {2},
	journal = {Ann. Stat.},
	author = { M. J. Tretter and G. W. Walster},
	note = "Available at \url{http://projecteuclid.org/euclid.aos/1176343073}",
	year = {1975},
		pages = {467--472}
},




@article{Fujikoshi_1970,
	title = {Asymptotic expansions of the distributions of test statistics in multivariate analysis},
	volume = {34},
	number = {1},
	journal = { J. Sci. Hiroshima Univ. Ser. A-I Math},
	author = {Y. Fujikoshi},
	note = "Available at \url{http://projecteuclid.org/euclid.hmj/1206138381}",
	year = {1970},
		pages = {73-144}
},


@article{Shorack_1966,
	title = {Recursive Generation of the Distribution of the Mann-Whitney-Wilcoxon U-Statistic Under Generalized Lehmann Alternatives},
	volume = {37},
	number = {1},
	journal = {Ann. Math. Statist.},
	author = {R. A. Shorack },
	note = "Available at \url{http://projecteuclid.org/euclid.aoms/1177699621}",
	year = {1966},
		pages = {284-286}
},



@article{Sundrum_1954,
	title = {A Further Approximation to the Distribution of Wilcoxon's Statistic in the General Case},
	volume = {16},
	number = {2},
	journal = {Journal of the Royal Statistical Society. Series B (Methodological)},
	author = {R. M. Sundrum},
	note = "Article Stable URL: \url{http://www.jstor.org/stable/2984051}, a draft manuscript as available at \url{http://repository.lib.ncsu.edu/dr/bitstream/1840.4/2253/1/ISMS_1954_89.pdf}",
	year = {1954},
	pages = {255-260}
},


@article{Sundrum_1953,
	title = {Moments of the Rank Correlation Coefficient $\tau$ in the General Case},
	volume = {40},
	number = {3/4},
	journal = {Biometrika},
	author = {R. M. Sundrum},
	note = "Article Stable URL: \url{http://www.jstor.org/stable/2333357}",
	year = {1953},
	pages = {409-420}
},


@article{Spurrier2003,
author = {Spurrier, John D.},
title = {On the null distribution of the Kruskal–Wallis statistic},
journal = {Journal of Nonparametric Statistics},
volume = {15},
number = {6},
pages = {685-691},
year = {2003},
doi = {10.1080/10485250310001634719},
URL = {http://www.tandfonline.com/doi/abs/10.1080/10485250310001634719},
eprint = {http://www.tandfonline.com/doi/pdf/10.1080/10485250310001634719}
}


@article{Wang1993,
title = "Approximating tail probabilities of noncentral distributions ",
journal = "Computational Statistics \& Data Analysis ",
volume = "15",
number = "3",
pages = "343 -- 352",
year = "1993",
issn = "0167-9473",
note = "Available at: \url{http://www.sciencedirect.com/science/article/pii/016794739390261Q}",
doi = "http://dx.doi.org/10.1016/0167-9473(93)90261-Q",
url = "http://www.sciencedirect.com/science/article/pii/016794739390261Q",
author = "S. Wang and H.L. Gray",
}


@article{Hirotsu_1979,
	title = {An F Approximation and its Application},
	volume = {66},
	number = {3},
	journal = {Biometrika},
	author = {C. Hirotsu},
	note = "Article Stable URL: \url{http://www.jstor.org/stable/2335178}",
	year = {1979},
	pages = {577-584}
},


@article{Knüsel_1987,
year={1987},
issn={0026-1335},
journal={Metrika},
volume={34},
number={1},
doi={10.1007/BF02613128},
title={Asymptotic expansion of the power function of the two-sample binomial test with and without randomization},
url={http://dx.doi.org/10.1007/BF02613128},
publisher={Physica-Verlag},
author={Kn\"usel, L. and Michalk, J.},
pages={31-44},
note = "Available at: \url{http://rd.springer.com/article/10.1007\%2FBF02613128\#}",
language={English}
}


@Article{Koning1988,
  author =       "A. J. Koning and R. J. M. M. Does",
  title =        "Statistical Algorithms: {Algorithm AS 234}:
                 Approximating the Percentage Points of Simple Linear
                 Rank Statistics with {Cornish-Fisher} Expansions",
  journal =      "Applied Statistics",
  volume =       "37",
  number =       "2",
  pages =        "278--284",
  month =        jun,
  year =         "1988",
  CODEN =        "APSTAG",
  bibsource =    "http://www.math.utah.edu/pub/tex/bib/as1980.bib; JSTOR
                 database",
  URL =          "http://lib.stat.cmu.edu/apstat/234"
}



@article{Lee_1992,
	title = {Algorithm AS 269: High Order Cornish-Fisher Expansion},
	volume = {41},
	number = {1},
	journal = {Journal of the Royal Statistical Society. Series C (Applied Statistics)},
	author = {Y.-S. Lee and T.-K. Lin},
	note = "Article Stable URL: \url{http://www.jstor.org/stable/2347649}",
	year = {1992},
	pages = {233-240}
},



@article{Narula_1978,
	title = {Orthogonal polynomial regression for unequal spacing and frequencies},
	volume = {10},
	journal = {Journal of Quality Technology},
	author = {Narula, S.C. },
	year = {1978},
	pages = {170-179}
},







@article{Robillard1972,
author = {Robillard, Pierre},
title = {Kendall's S Distribution with Ties in One Ranking},
journal = {Journal of the American Statistical Association},
volume = {67},
number = {338},
pages = {453-455},
year = {1972},
doi = {10.1080/01621459.1972.10482409},
URL = {http://www.tandfonline.com/doi/abs/10.1080/01621459.1972.10482409},
eprint = {http://www.tandfonline.com/doi/pdf/10.1080/01621459.1972.10482409}
}




@book{noether1967elements,
  title={Elements of nonparametric statistics},
  author={Noether, G.E.},
  lccn={lc67019781},
  series={SIAM series in applied mathematics},
  url={http://books.google.co.uk/books?id=BgFxIPl7tNAC},
  year={1967},
  publisher={Wiley}
}

@book{Gil2007,
  title = {Numerical methods for special functions},
  author = {Amparo Gil and Javier Segura and Nico M. Temme},
  year = {2007},
  doi = {http://www.ec-securehost.com/SIAM/OT99.html},
  researchr = {http://researchr.org/publication/0020196},
  cites = {0},
  citedby = {0},
  publisher = {SIAM},
  isbn = {978-0-89871-634-4},
}


@article{Butler2005,
 author = {Butler, R.W. and Wood, A.T.A.},
 title = {Approximation of power in multivariate analysis},
 journal = {Statistics and Computing},
 issue_date = {October   2005},
 volume = {15},
 number = {4},
 month = oct,
 year = {2005},
 issn = {0960-3174},
 pages = {281--287},
 numpages = {7},
 url = {http://dx.doi.org/10.1007/s11222-005-4071-x},
 doi = {10.1007/s11222-005-4071-x},
 acmid = {1093749},
 publisher = {Kluwer Academic Publishers},
 address = {Hingham, MA, USA},
 keywords = {Laplace approximation, block independence, covariance equality, general linear hypothesis, hypergeometric functions, power function, saddlepoint approximation},
} 





@article{Casagrande_1978,
	title = {The Power Function of the "Exact" Test for Comparing Two Binomial Distributions},
	volume = {27},
	number = {2},
	journal = {Journal of the Royal Statistical Society. Series C (Applied Statistics)},
	author = {J. T. Casagrande and M. C. Pike and P. G. Smith},
	note = "Article Stable URL: \url{http://www.jstor.org/stable/2346945}",
	year = {1978},
	pages = {176-180}
},




@article{Cheng_1995,
author = {Cheng, Peter H. and Meng, Cliff Y.K.},
title = {A new formula for tail probabilities of dunnett's t with unequal sample sizes},
journal = {Communications in Statistics - Theory and Methods},
volume = {24},
number = {2},
pages = {523-532},
year = {1995},
doi = {10.1080/03610929508831504},
URL = {http://www.tandfonline.com/doi/abs/10.1080/03610929508831504},
eprint = {http://www.tandfonline.com/doi/pdf/10.1080/03610929508831504}
}



@article{Conlon_1993,
	title = {Algorithm AS 280: The Power Function for Fisher's Exact Test},
	volume = {42},
	number = {1},
	journal = {Journal of the Royal Statistical Society. Series C (Applied Statistics)},
	author = {M. Conlon and R. G. Thomas},
	note = "Article Stable URL: \url{http://www.jstor.org/stable/2347431}",
	year = {1993},
	pages = {258-260}
},

@article{conover1981,
    author = {Conover, W. J. and Iman, Ronald L.},
    citeulike-article-id = {4732756},
    citeulike-linkout-0 = {http://dx.doi.org/10.2307/2683975},
    citeulike-linkout-1 = {http://www.jstor.org/stable/2683975},
    doi = {10.2307/2683975},
    issn = {00031305},
    journal = {The American Statistician},
    keywords = {ranks, stats},
    number = {3},
    pages = {124--129},
    posted-at = {2012-06-08 13:38:19},
    priority = {2},
    publisher = {American Statistical Association},
    title = {{Rank Transformations as a Bridge Between Parametric and Nonparametric Statistics}},
    url = {http://dx.doi.org/10.2307/2683975},
    volume = {35},
    year = {1981}
}

@INPROCEEDINGS{Corless96onthe,
    author = {R. M. Corless and G. H. Gonnet and D. E. G. Hare and D. J. Jeffrey and D. E. Knuth},
    title = {On the Lambert W Function},
    booktitle = {Advances in Computational Mathematics},
    year = {1996},
    pages = {329--359},
    publisher = {}
}



@article{David_1972,
	title = {The Power Function of Range and Studentized Range Tests in Normal Samples},
	volume = {59},
	number = {1},
	journal = {Biometrika},
	author = {H. A. David and P. A. Lachenbruch and H. P. Brandis},
	note = "Article Stable URL: \url{http://www.jstor.org/stable/2334627}",
	year = {1972},
	pages = {161-168}
},


@article{Fellingham_1964,
	title = {An Approximation for the Exact Distribution of the Wilcoxon Test for Symmetry},
	volume = {59},
	number = {307 },
	journal = {Journal of the American Statistical Association},
	author = {S. A. Fellingham and D. J. Stoker},
	note = "Article Stable URL: \url{http://www.jstor.org/stable/2283109}",
	year = {1964},
	pages = {899-905}
},


@article{Fujikoshi_1973,
year={1973},
issn={0020-3157},
journal={Annals of the Institute of Statistical Mathematics},
volume={25},
title={Asymptotic formulas for the non-null distributions of three statistics for multivariate linear hypothesis},
publisher={Kluwer Academic Publishers},
author={Fujikoshi, Y.},
pages={423-436},
}



@article{gleser1976,
    author = {Gleser, L. J.},
    citeulike-article-id = {4751809},
    journal = {Journal of the American Statistical Association},
    keywords = {1976, noncentral, wishart},
    pages = {690--695},
    posted-at = {2009-06-05 15:10:03},
    priority = {2},
    publisher = {American Statistical Association},
    title = {{A canonical representation for the noncentral Wishart distribution useful for simulation}},
    year = {1976}
}




@article{Golhar_1972,
author = {Golhar,   M. B.},
title = {The errors of first and second kinds in Welch-Aspin's solution of the Behrens-Fisher problem},
journal = {Journal of Statistical Computation and Simulation},
volume = {1},
number = {3},
pages = {209-224},
year = {1972},
doi = {10.1080/00949657208810016},
URL = {http://www.tandfonline.com/doi/abs/10.1080/00949657208810016},
eprint = {http://www.tandfonline.com/doi/pdf/10.1080/00949657208810016}
}


@article{Gupta_1979,
year={1979},
journal={Annals of the Institute of Statistical Mathematics},
volume={31},
title={Calculation of zonal polynomials of 3 x 3 positive definite symmetric matrices},
publisher={Kluwer Academic Publishers},
author={R. D. Gupta and D. Richards},
pages={207-213},
}


@article{Gurland_1970,
	title = {Further Consideration of the Distribution of the Multiple Correlation Coefficient},
	volume = {32},
	number = {3 },
	journal = {Journal of the Royal Statistical Society. Series B (Methodological)},
	author = {J. Gurland and R. Milton},
	note = "Article Stable URL: \url{http://www.jstor.org/stable/2984364}",
	year = {1970},
	pages = {381-394}
},



@article{Harkness_1964,
	title = {Comparison of the Power Functions for the Test of Independence in 2 × 2 Contingency Tables},
	volume = {35},
	number = {3 },
	journal = {The Annals of Mathematical Statistics},
	author = {W. L. Harkness and L. Katz},
	note = "Article Stable URL: \url{http://www.jstor.org/stable/2238241}",
	year = {1964},
	pages = {1115-1127}
},





@article{Harter_1960,
	title = {Tables of Range and Studentized Range},
	volume = {31},
	number = {4 },
	journal = {The Annals of Mathematical Statistics},
	author = {H. L. Harter},
	note = "Article Stable URL: \url{http://www.jstor.org/stable/2237810}",
	year = {1960},
	pages = {1122-1147}
},



@article {Koziol1982,
author = {Koziol, J. A.},
title = {Orthogonal Components of the Kruskal-Wallis and Related K-sample Linear Rank Statistics},
journal = {Biometrical Journal},
volume = {24},
number = {5},
publisher = {WILEY-VCH Verlag},
issn = {1521-4036},
url = {http://dx.doi.org/10.1002/bimj.4710240506},
doi = {10.1002/bimj.4710240506},
pages = {445--455},
keywords = {Kruskal-Wallis statistic, orthogonal components, K sample linear rank statistics},
year = {1982},
}



@article{Kulp_1984,
	title = {An Asymptotic Expansion of the Nonnull Distribution of Wilks Criterion for Testing the Multivariate Linear Hypothesis},
	volume = {12},
	number = {4},
	journal = {The Annals of Statistics},
	author = {R. W. Kulp and B. N. Nagarsenker},
	note = "Available at \url{http://http://projecteuclid.org/euclid.aos/1176346816}",
	year = {1984},
		pages = {1576-1583}
},



@book{Milton_1970,
	title = {Rank Order Probabilities. Two-Sample Normal Shift Alternatives},
	publisher = {Wiley \& Sons, Inc., New York-London-Sydney-Toronto},
	author = {Milton, R. C},
	year = {1970},
	pages = {302}
},



@book{Piessens_1983,
	title = {QUADPACK: A subroutine package for automatic integration },
	publisher = {Springer-Verlag},
	isbn = {978-3-540-12553-2},
	note = " Public domain Fortran source: \url{http://www.netlib.org/quadpack/}",
	author = {R. Piessens and E. de Doncker-Kapenga and C.W. \"Uberhuber and D. Kahaner},
	year = {1983},
},


@book{Paolella_2006,
	title = {Fundamental Probability: A Computational Approach},
	publisher = {Wiley \& Sons, Inc., New York-London-Sydney-Toronto},
	author = {Paolella, M. S},
	year = {2006}
},


@book{Paolella_2007,
	title = {Intermediate Probability: A Computational Approach},
	publisher = {Wiley \& Sons, Inc., New York-London-Sydney-Toronto},
	author = {Paolella, M. S},
	year = {2007}
},



@article{Kocherlakota_1991,
author = {K. Kocherlakota and S. Kocherlakota},
title = {On the doubly noncentral t distribution},
journal = {Communications in Statistics - Simulation and Computation},
volume = {20},
number = {1},
pages = {23-31},
year = {1991},
doi = {10.1080/03610919108812936},
URL = {http://www.tandfonline.com/doi/abs/10.1080/03610919108812936},
eprint = {http://www.tandfonline.com/doi/pdf/10.1080/03610919108812936}
}






@article{Muller1989,
author = {Muller, Keith E. and Barton, Curtis N.},
title = {Approximate Power for Repeated-Measures ANOVA Lacking Sphericity},
journal = {Journal of the American Statistical Association},
volume = {84},
number = {406},
pages = {549-555},
year = {1989},
doi = {10.1080/01621459.1989.10478802},
URL = {http://www.tandfonline.com/doi/abs/10.1080/01621459.1989.10478802},
eprint = {http://www.tandfonline.com/doi/pdf/10.1080/01621459.1989.10478802}
}




@article{Nagarsenker_1983,
author = {Nagarsenker, B. N. and Suniaga, J.},
title = {Distributions of a Class of Statistics Useful in Multivariate Analysis},
journal = {Journal of the American Statistical Association},
volume = {78},
number = {382},
pages = {472-475},
year = {1983},
doi = {10.1080/01621459.1983.10477998},
URL = {http://www.tandfonline.com/doi/abs/10.1080/01621459.1983.10477998},
eprint = {http://www.tandfonline.com/doi/pdf/10.1080/01621459.1983.10477998}
}



@article{Nagarsenker_1984,
	title = {On Bartlett's Test for Homogeneity of Variances},
	volume = {71},
	number = {2 },
	journal = {Biometrika},
	author = {P. B. Nagarsenker},
	note = "Article Stable URL: \url{http://www.jstor.org/stable/2336260}",
	year = {1984},
	pages = {405-407}
},


@article {Neuhaeuser_1998,
author = {Neuh\"auser, Markus and Hothorn, Ludwig A.},
title = {An Analogue of Jonckheere's Trend Test for Parametric and Dichotomous Data},
journal = {Biometrical Journal},
volume = {40},
number = {1},
publisher = {WILEY-VCH Verlag},
issn = {1521-4036},
url = {http://dx.doi.org/10.1002/(SICI)1521-4036(199804)40:1<11::AID-BIMJ11>3.0.CO;2-0},
doi = {10.1002/(SICI)1521-4036(199804)40:1<11::AID-BIMJ11>3.0.CO;2-0},
pages = {11--19},
keywords = {Trend tests, Jonckheere's test, Contrast tests, Normally and binomially distributed endpoints},
year = {1998},
}




@misc{OBrien1992,
   author = "O'Brien, R. G. and Shieh, G. ",
   title = "Pragmatic, Unifying Algorithm Gives Power Probabilities for Common F Tests of the Multivariate General Linear Hypothesis",
   year = "1992",
   note = "Poster presented at the American Statistical Association Meetings, Boston, Statistical Computing Section. Also, paper in review, downloadable in PDF form from  \url{http://www.bio.ri.ccf.org/ UnifyPow}"}



@article{Steck_1962,
	title = {A Note on the Equicorrelated Multivariate Normal Distribution},
	volume = {49},
	number = {1/2},
	journal = {Biometrika},
	author = {G. P. Steck and D. B. Owen},
	note = "Article Stable URL: \url{http://www.jstor.org/stable/2333495}",
	year = {1962},
	pages = {269-271}
},




@article{Stoline_1978,
author = {Stoline, Michael R.},
title = {Tables of the Studentized Augmented Range and Applications to Problems of Multiple Comparison},
journal = {Journal of the American Statistical Association},
volume = {73},
number = {363},
pages = {656-660},
year = {1978},
doi = {10.1080/01621459.1978.10480073},
URL = {http://www.tandfonline.com/doi/abs/10.1080/01621459.1978.10480073},
eprint = {http://www.tandfonline.com/doi/pdf/10.1080/01621459.1978.10480073}
}



@article{Stoline_1979,
	title = {Tables of the Studentized Maximum Modulus Distribution and an Application to Multiple Comparisons among Means},
	volume = {21},
	number = {1},
	journal = {Technometrics},
	author = {M. R. Stoline and H. K. Ury},
	note = "Article Stable URL: \url{http://www.jstor.org/stable/1268584}",
	year = {1979},
	pages = {269-271}
},


@article {Tiwari_1997,
author = {Tiwari, Ram C. and Yang, Jie},
title = {Algorithm AS 318: An Efficient Recursive Algorithm for Computing the Distribution Function and Non-centrality Parameter of the Non-central F-distribution},
journal = {Journal of the Royal Statistical Society: Series C (Applied Statistics)},
volume = {46},
number = {3},
publisher = {Blackwell Publishers Ltd.},
issn = {1467-9876},
url = {http://dx.doi.org/10.1111/1467-9876.00080},
doi = {10.1111/1467-9876.00080},
pages = {408--413},
year = {1997},
}




@article{Chattamvelli_1995,
author = {Chattamvelli,   R. and Jones,   M. C.},
title = {Recurrence relations for noncentral density, distribution functions and inverse moments},
journal = {Journal of Statistical Computation and Simulation},
volume = {52},
number = {3},
pages = {289-299},
year = {1995},
doi = {10.1080/00949659508811679},
URL = {http://www.tandfonline.com/doi/abs/10.1080/00949659508811679},
eprint = {http://www.tandfonline.com/doi/pdf/10.1080/00949659508811679}
}

@ARTICLE{Witkovsky_2013,
   author = {{Witkovsky}, V.},
    title = "{A Note on Computing Extreme Tail Probabilities of the Noncentral T Distribution with Large Noncentrality Parameter}",
  journal = {ArXiv e-prints},
archivePrefix = "arXiv",
   eprint = {1306.5294},
 primaryClass = "stat.CO",
 keywords = {Statistics - Computation, 62E15, 62-04},
     year = 2013,
    month = jun,
   adsurl = {http://adsabs.harvard.edu/abs/2013arXiv1306.5294W},
  adsnote = {Provided by the SAO/NASA Astrophysics Data System},
		note = "Article Stable URL: \url{http://arxiv.org/abs/1306.5294}, Matlab code available at  \url {http://www.mathworks.de/matlabcentral/fileexchange/41790-nctcdfvw/content/nctcdfVW.m}",
}


@article{Muller_2001,
year={2001},
issn={0029-599X},
journal={Numerische Mathematik},
volume={90},
number={1},
doi={10.1007/s002110100285},
title={Computing the confluent hypergeometric function, M(a,b,x)},
url={http://dx.doi.org/10.1007/s002110100285},
publisher={Springer-Verlag},
keywords={Mathematics Subject Classification (1991): 65D20},
author={Muller, Keith E.},
pages={179-196},
language={English}
}

@article{Forrey_1997,
title = "Computing the Hypergeometric Function ",
journal = "Journal of Computational Physics ",
volume = "137",
number = "1",
pages = "79 - 100",
year = "1997",
note = " PDF document and Fortran code available from: \url{http://physics.bk.psu.edu/pub/papers/hyper.pdf}, and \url{http://physics.bk.psu.edu/codes.html}",
issn = "0021-9991",
doi = "http://dx.doi.org/10.1006/jcph.1997.5794",
url = "http://www.sciencedirect.com/science/article/pii/S0021999197957946",
author = "Robert C. Forrey"
}


@book{Knuth_1997,
    author = {Knuth, Donald E.},
    edition = {3rd},
    howpublished = {Hardcover},
    isbn = {0201896842},
    keywords = {algorithms, computer, seminumerical},
    publisher = {Addison-Wesley Professional},
    title = {Art of Computer Programming, Volume 1: Fundamental Algorithms, Volume 2: Seminumerical Algorithms},
    url = {http://www.amazon.com/exec/obidos/redirect?tag=citeulike07-20\&path=ASIN/0201896842},
			note = "Online resource: \url{http://www-cs-faculty.stanford.edu/~knuth/taocp.html}",
    year = {1997}
}



@book{Johnson_1994,
	title = {Continuous Univariate Distributions, Volume 1},
	edition = {2nd},
	publisher = {Wiley \& Sons, Inc., New York-London-Sydney-Toronto},
	author = {Johnson, N. L. and Kotz, S. and Balakrishnan, N.},
	year = {1994.}
},


@book{Johnson_1995,
	title = {Continuous Univariate Distributions, Volume 2},
	edition = {2nd},
	publisher = {Wiley \& Sons, Inc., New York-London-Sydney-Toronto},
	author = {Johnson, N. L. and Kotz, S. and Balakrishnan, N.},
	year = {1995.}
},


@book{Hochberg_1987,
 author = {Hochberg, Y. and Tamhane, A. C.},
 title = {Multiple comparison procedures},
 year = {1987},
 isbn = {0-471-82222-1},
 publisher = {John Wiley \& Sons, Inc.},
 address = {New York, NY, USA},
} 



@book{Tong_1990,
 author = {Tong, Y. L.},
 title = {The multivariate normal distribution},
 year = {1990},
 publisher = {Springer-Verlag},
} 



@book{Good_2005,
 author = {Good, Ph. I.},
 title = {Permutation, Parametric, and Bootstrap Tests of Hypotheses (Springer Series in Statistics)},
 year = {2005},
 publisher = {Springer-Verlag},
} 


@inproceedings{Lai_2006,
 author = {Lai, Yongzeng},
 title = {Efficient computations of multivariate normal distributions with applications to finance},
 booktitle = {Proceedings of the 17th IASTED international conference on Modelling and simulation},
 series = {MS'06},
 year = {2006},
 isbn = {0-88986-592-2},
 location = {Montreal, Canada},
 pages = {522--527},
 numpages = {6},
 url = {http://dl.acm.org/citation.cfm?id=1167113.1167206},
 acmid = {1167206},
 publisher = {ACTA Press},
 address = {Anaheim, CA, USA},
 keywords = {Monte Carlo and Quasi Monte Carlo simulations, multivariate normal distribution, option pricing},
} 


@article{Sun_1988_Therory,
title = "A general reduction formula for n-variate normal orthant probability ",
journal = "Communication in Statistics - Theory and Methods",
volume = "17",
number = "1",
pages = "21 - 39",
year = "1988",
author = "H. J. Sun"
}



@article{Sun_1988_Computation,
title = "A FORTRAN subroutine for computing normal general reduction formula for n-variate normal orthant probabilities for diemnsions up to nine ",
journal = "Communication in Statistics - Simulation and Computation",
volume = "17",
number = "1",
pages = "1097 - 1111",
year = "1988",
author = "H. J. Sun"
}



@article{Genz_2002,
title = "Methods for the Computation of Multivariate t-Probabilities ",
journal = "Journal of Computational and Graphical Statistics",
volume = "11",
number = "1",
pages = "950–-971",
year = "2002",
note = "Online resource: \url{http://www.math.wsu.edu/faculty/genz/homepage}",
author = "A. Genz and F. Bretz"
}



@article{Snow_1962,
title = "The third moment of Kendall's tau in normal samples ",
journal = "Biometrika",
volume = "49 ",
number = "1-2",
pages = "177-183 ",
year = "1962",
author = "B. Snow"
}



@book{Genz_2009,
author = "A. Genz and F. Bretz",
 title = {Computation of Multivariate Normal and t Probabilities, Lecture Notes in Statistics 195},
 year = {2009},
 publisher = {Springer-Verlag, New York}
} 



@book{Muirhead_1982,
author = {R. J. Muirhead},
title = {{Aspects of Multivariate Statistical Theory}},
year = {1982},
 publisher = {John Wiley and Sons}
}


@article{Mack_1980,
author = {Mack, G.A. and Skillings,J.H.},
journal = {JASA},
pages = {947--951},
title = {A Friedman type rank test for main effects in a two factor ANOVA},
volume = {75},
year = {1980}
}

@article{Xu_2013,
author = {W. Xu and  Y. Hou and Y.S. Hung and Y. Zou},
journal = {Signal Processing},
pages = {261--276},
title = {A comparative analysis of Spearman’s rho and Kendall’s tau in normal and contaminated normal models},
volume = {93},
year = {2013}
}

@article{vandeWiel_2001,
author = {M.A. {van de Wiel} and A. {Di Bucchianico1}},
journal = {Journal of Statistical Planning and Inference},
pages = {133--145},
title = {Fast computation of the exact null distribution of Spearman's rho and Page's L statistic for samples with and without ties},
volume = {92},
year = {2001}
}


@article{Zimmermann_1985_independent,
author = {Zimmermann, H.},
journal = {Biometrical Journal},
pages = {431--434},
title = {Exact Calculation of permutational distributions for two independent samples},
volume = {27},
year = {1985}
}


@article{Zimmermann_1985_dependent,
author = {Zimmermann, H.},
journal = {Biometrical Journal},
pages = {349--352},
title = {Exact Calculation of permutational distributions for two dependent samples},
volume = {27},
year = {1985}
}



@article{Skillings_1981,
author = {Skillings, J.H. and Mack, G.A.},
journal = {Technometrics},
pages = {171--177},
title = {On the Use of a Friedman type statistic in balanced and unbalanced block designs},
volume = {23},
year = {1981}
}



@article{Skillings_1980,
author = {Skillings, J.H.},
journal = {Technometrics},
pages = {431--436},
title = {On the null distribution of Jonckheere's statistic used in two way models for ordered alternatives},
volume = {22},
year = {1980}
}






@article{Upton_1982,
	title = {A Comparison of Alternative Tests for the 2 × 2 Comparative Trial},
	volume = {145},
	number = {1 },
	journal = {Journal of the Royal Statistical Society. Series A (General)},
	author = {Graham J. G. Upton},
	note = "Article Stable URL: \url{http://www.jstor.org/stable/2981423}",
	year = {1982},
	pages = {86-105}
},






@article{Iman_1975,
author = {Iman, R.L. and Quade, D. and Alexander, D.A. },
journal = {Selected Tables in Mathematical Statistics},
pages = {329--384},
title = {Exact probability levels for the Kruskal Wallis test},
volume = {3},
year = {1975}
}






@article{Quade_1979,
author = {Quade, D.},
journal = {JASA},
pages = {680--683},
title = {Using weighted rankings in the analysis of complete blocks with additive block effects},
volume = {74},
year = {1979}
}



 
@article{Kallman_1977,
 author = {Kallman, Ralph},
 title = {Algorithm 519: Three Algorithms for Computing Kolmogorov-Smirnov Probabilities with Arbitrary Boundaries and a Certification of Algorithm 487 [S14]},
 journal = {ACM Trans. Math. Softw.},
 issue_date = {Sept. 1977},
 volume = {3},
 number = {3},
 month = sep,
 year = {1977},
 issn = {0098-3500},
 pages = {285--294},
 numpages = {10},
 url = {http://doi.acm.org/10.1145/355744.355754},
 doi = {10.1145/355744.355754},
 acmid = {355754},
 publisher = {ACM},
 address = {New York, NY, USA},
} 

@article{Simard_2011,
  author =	"Richard Simard and Pierre L'Ecuyer",
  title =	"Computing the Two-Sided Kolmogorov-Smirnov Distribution",
  journal =	"Journal of Statistical Software",
  volume =	"39",
  number =	"11",
  pages =	"1--18",
  day =  	"9",
  month =	"3",
  year = 	"2011",
  CODEN =	"JSSOBK",
  ISSN = 	"1548-7660",
  bibdate =	"2010-12-13",
  URL =  	"http://www.jstatsoft.org/v39/i11",
  accepted =	"2010-12-13",
  acknowledgement = "",
  keywords =	"",
		note = "Article Stable URL: \url{http://www.jstatsoft.org/v39/i11}",
  submitted =	"2010-03-17",
}




@article{Kim_1969,
author = {Kim, P. J.},
title = {On the Exact and Approximate Sampling Distribution of the Two Sample Kolmogorov-Smirnov Criterion $D_{mn}, m \leq n$},
journal = {Journal of the American Statistical Association},
volume = {64},
number = {328},
pages = {1625-1637},
year = {1969},
doi = {10.1080/01621459.1969.10501082},
note = "Article Stable URL: \url{http://www.jstor.org/stable/2286094}",
}



@article{Tang_1986,
author = {Tang, J. and Gupta, A.K.},
title = {Exact distribution of certain general statistics in multivariate analysis},
journal = {Austral. J. Statist.},
volume = {28},
pages = {197-114},
year = {1986},
}



@article{Tang_1987,
author = {Tang, J. and Gupta, A.K.},
title = {On the type-B integral equation and the distribution of Wilks' statistic for testing independence of several groups of variables},
journal = {Statistics},
volume = {18},
pages = {379-387},
year = {1987},
}



@article{Tang_1984,
author = {Tang, J. and Gupta, A.K.},
title = {On the distribution of the product of independent beta random variables},
journal = {Statistics \& Probability Letters},
volume = {2},
pages = {165-168},
year = {1984},
}




@article{Zhao_2008,
author = {Zhao, Yan D. and Rahardja, Dewi and Mei, Yajun},
title = {Sample Size Calculation for the van Elteren Test Adjusting for Ties},
journal = {Journal of Biopharmaceutical Statistics},
volume = {18},
number = {6},
pages = {1112-1119},
year = {2008},
doi = {10.1080/10543400802369020},
note ={PMID: 18991111},
URL = {http://www.tandfonline.com/doi/abs/10.1080/10543400802369020},
eprint = {http://www.tandfonline.com/doi/pdf/10.1080/10543400802369020}
}


@article{Shieh_2007,
author = {Shieh, Gwowen and Jan, Show-Li and Randles, Ronald   H.},
title = {Power and sample size determinations for the Wilcoxon signed-rank test},
journal = {Journal of Statistical Computation and Simulation},
volume = {77},
number = {8},
pages = {717-724},
year = {2007},
doi = {10.1080/10629360600635245},

URL = {http://www.tandfonline.com/doi/abs/10.1080/10629360600635245},
eprint = {http://www.tandfonline.com/doi/pdf/10.1080/10629360600635245}
}

@ARTICLE{Zhang_2002,
title = {Beta Approximation to the Distribution of Kolmogorov-Smirnov Statistic},
author = {Zhang, Jin and Wu, Yuehua},
year = {2002},
journal = {Annals of the Institute of Statistical Mathematics},
volume = {54},
number = {3},
pages = {577-584},
keywords = {Kolmogorov-Smirnov statistic; beta distribution; approximation; skewness; kurtosis; p-value},
url = {http://EconPapers.repec.org/RePEc:spr:aistmt:v:54:y:2002:i:3:p:577-584}
}

@article{Marsaglia_2003,
  author =	"George Marsaglia and Wai Wan Tsang and Jingbo Wang",
  title =	"Evaluating Kolmogorov's Distribution",
  journal =	"Journal of Statistical Software",
  volume =	"8",
  number =	"18",
  pages =	"1--4",
  day =  	"10",
  month =	"11",
  year = 	"2003",
  CODEN =	"JSSOBK",
  ISSN = 	"1548-7660",
  bibdate =	"2003-11-10",
  URL =  	"http://www.jstatsoft.org/v08/i18",
  accepted =	"2003-11-10",
  acknowledgement = "",
  keywords =	"",
  submitted =	"2003-11-05",
}



@article{Fan_2012,
author = {Fan, Chunpeng and Zhang, Donghui},
title = {A Note on Power and Sample Size Calculations for the Kruskal-Wallis Test for Ordered Categorical Data},
journal = {Journal of Biopharmaceutical Statistics},
volume = {22},
number = {6},
pages = {1162-1173},
year = {2012},
doi = {10.1080/10543406.2011.578313},
note ={PMID: 23075015},

URL = {http://www.tandfonline.com/doi/abs/10.1080/10543406.2011.578313},
eprint = {http://www.tandfonline.com/doi/pdf/10.1080/10543406.2011.578313}
}


@article {Tang_2011,
author = {Tang, Yongqiang},
title = {Size and power estimation for the Wilcoxon–Mann–Whitney test for ordered categorical data},
journal = {Statistics in Medicine},
volume = {30},
number = {29},
publisher = {John Wiley & Sons, Ltd},
issn = {1097-0258},
url = {http://dx.doi.org/10.1002/sim.4407},
doi = {10.1002/sim.4407},
pages = {3461--3470},
keywords = {Wilcoxon rank sumtest, exact variance method, delta method, power and samplesize},
year = {2011},
}


@article {Zhao_2006,
author = {Zhao, Yan D.},
title = {Sample size estimation for the van Elteren test—a stratified Wilcoxon–Mann–Whitney test},
journal = {Statistics in Medicine},
volume = {25},
number = {15},
publisher = {John Wiley & Sons, Ltd.},
issn = {1097-0258},
url = {http://dx.doi.org/10.1002/sim.2441},
doi = {10.1002/sim.2441},
pages = {2675--2687},
keywords = {sample size estimation, van Elteren test, non-parametric, Wilcoxon–Mann–Whitney test, stratified test},
year = {2006},
}


@article {Divine_2010,
author = {Divine, George and Kapke, Alissa and Havstad, Suzanne and Joseph, Christine L. M.},
title = {Exemplary data set sample size calculation for Wilcoxon–Mann–Whitney tests},
journal = {Statistics in Medicine},
volume = {29},
number = {1},
publisher = {John Wiley & Sons, Ltd.},
issn = {1097-0258},
url = {http://dx.doi.org/10.1002/sim.3770},
doi = {10.1002/sim.3770},
pages = {108--115},
keywords = {sample size, power, Wilcoxon–Mann–Whitney, Wilcoxon rank sum test, exemplary data set method},
year = {2010},
}



@article{Gansky_2001,
author = {Stuart Gansky and Quang Huynh and Yvonne L Kapila  },
title = {Power Analysis for Friedman's Test with an Application to Molecular Biology},
journal = {Proceedings of the Annual Meeting of the American Statistical Association, August 5-9, Abstract \#301336},
note = "Article Stable URL: \url{http://www.amstat.org/sections/SRMS/Proceedings/y2001/Proceed/00450.pdf}",
year = {2001},
}





@article{David_1951,
author = {S. T. David and M. G. Kendall and A. Stuart },
title = {Some Questions of Distribution in the Theory of Rank Correlation},
journal = {Biometrika},
note = "Article Stable URL: \url{http://www.jstor.org/stable/2332322}",
volume = {38},
number = {1/2},
pages = {131-140},
year = {1951},
}



@article{Chase_1970,
author = {Chase, P.J. },
title = {Permutations of a set with repetitions},
journal = {Communications of the ACM},
volume = {13},
pages = {368-369},
year = {1970},
}



@article{Gatsonis_1989,
author = {Gatsonis, Constantine and Sampson, Allan R.},
title = {Multiple correlation: Exact power and sample size calculations.},
journal = {Psychological Bulletin},
volume = {106},
number = {3},
pages = {516-524},
year = {1989},
}




@article {Fan_2011,
author = {Fan, Chunpeng and Zhang, Donghui and Zhang, Cun-Hui},
title = {On Sample Size of the Kruskal-Wallis Test with Application to a Mouse Peritoneal Cavity Study},
journal = {Biometrics},
volume = {67},
number = {1},
publisher = {Blackwell Publishing Inc},
issn = {1541-0420},
url = {http://dx.doi.org/10.1111/j.1541-0420.2010.01407.x},
doi = {10.1111/j.1541-0420.2010.01407.x},
pages = {213--224},
keywords = {Kruskal-Wallis test, Location shift alternatives, Power, Sample size},
year = {2011},
}


@book{Balakrishnan_2009,
author = {N. Balakrishnan and Chin-Diew Lai},
title = {{Continuous Bivariate Distributions}},
year = {2009},
 publisher = {Springer, New York}
}


@book{Govindarajulu_2007,
author = {Z. Govindarajulu},
title = {Nonparametric Inference},
year = {2007},
 publisher = {World Scientific Publishing Co. Pte. Ltd., Singapore}
}



@article{Mehrotra_2010,
author = {Mehrotra, Devan V. and Lu, Xiaomin and Li, Xiaoming},
title = {Rank-Based Analyses of Stratified Experiments: Alternatives to the van Elteren Test},
journal = {The American Statistician},
volume = {64},
number = {2},
pages = {121-130},
year = {2010},
doi = {10.1198/tast.2010.08121},
URL = {http://amstat.tandfonline.com/doi/abs/10.1198/tast.2010.08121},
eprint = {http://amstat.tandfonline.com/doi/pdf/10.1198/tast.2010.08121}
}



@article{Wang_2003_Rank,
author = {Wang, Hansheng and Chen, Bin and Chow, Shein-Chung},
title = {Sample Size Determination Based on Rank Tests in Clinical Trials},
journal = {Journal of Biopharmaceutical Statistics},
volume = {13},
number = {4},
pages = {735-751},
year = {2003},
doi = {10.1081/BIP-120024206},
note ={PMID: 14584719},
URL = {http://www.tandfonline.com/doi/abs/10.1081/BIP-120024206},
eprint = {http://www.tandfonline.com/doi/pdf/10.1081/BIP-120024206}
}

@article{Roehmel_1997,
title = "The permutation distribution of the Friedman test ",
journal = "Computational Statistics \& Data Analysis ",
volume = "26",
number = "1",
pages = "83 - 99",
year = "1997",
note = "",
issn = "0167-9473",
doi = "http://dx.doi.org/10.1016/S0167-9473(97)00019-4",
url = "http://www.sciencedirect.com/science/article/pii/S0167947397000194",
author = {Joachim R\"ohmel},
}

@article{vandeWiel_2004,
title = "Exact null distributions of quadratic distribution-free statistics for two-way classification ",
journal = "Journal of Statistical Planning and Inference ",
volume = "120",
number = "1–2",
pages = "29 - 40",
year = "2004",
note = "",
issn = "0378-3758",
doi = "http://dx.doi.org/10.1016/S0378-3758(02)00498-6",
url = "http://www.sciencedirect.com/science/article/pii/S0378375802004986",
author = "M.A. van de Wiel",
}

@article{DiBucchianico_2005,
title = "Exact null distributions of distribution-free quadratic t-sample statistics ",
journal = "Journal of Statistical Planning and Inference ",
volume = "127",
number = "1–2",
pages = "1 - 21",
year = "2005",
note = "",
issn = "0378-3758",
doi = "http://dx.doi.org/10.1016/j.jspi.2003.09.024",
url = "http://www.sciencedirect.com/science/article/pii/S0378375803003161",
author = {A. {Di Bucchianico} and M.A. {van de Wiel}},
}


@article{Murakami_2009,
author="Murakami, H. and Kamakura, T.",
title="A Saddlepoint Approximation to a Nonparametric Test for Ordered Alternatives",
journal="Journal of the Japan Statistical Society",
ISSN="18822754",
publisher="JAPAN STATISTICAL SOCIETY",
year="2009",
month="dec",
volume="39",
number="2",
pages="143-153",
URL="http://ci.nii.ac.jp/naid/10025991989/en/",
DOI="",
}




@ARTICLE{Koev_2006,
   author = {{Koev}, P. and {Edelman}, A.},
    title = "{The efficient evaluation of the hypergeometric function of a matrix argument}",
  journal = {Mathematics of Computation},
   eprint = {arXiv:math/0505344},
     year = 2006,
   volume = 75,
    pages = {833-846},
		note = "Article Stable URL: \url{http://math.mit.edu/~plamen/files/hyper.pdf}, Software available at \url{http://math.mit.edu/~plamen/software/mhgref.html}",
   adsurl = {http://adsabs.harvard.edu/abs/2006MaCom..75..833K},
  adsnote = {Provided by the SAO/NASA Astrophysics Data System}
}



@book{Bernstein_2009,
	title = {Matrix mathematics: theory, facts, and formulas},
	publisher = {Princeton University Press},
	author = {Bernstein, Dennis S.},
	edition = {2nd},
	year = {2009}
},



@book{Cheney_2008,
	title = {Numerical Mathematics and Computing},
	publisher = {Thomson Brooks/Cole},
	author = {Ward Cheney and David Kincaid},
	edition = {6th},
	year = {2008}
},




@book{Chernick_2008,
	title = {Bootstrap methods : a guide for practitioners and researchers},
	publisher = {John Wiley \& Sons},
	author = {Chernick, Michael R.},
	edition = {2nd},
	year = {2008}
},



@book{Day_2010,
	title = {Mastering financial mathematics in Microsoft Excel : a practical guide for business calculations},
	publisher = {Pearson Education Limited},
	author = {Day, Alastair L.},
	edition = {2nd},
	year = {2010}
},


@book{Lange_2010,
	title = {Numerical Analysis for Statisticians},
	publisher = {Springer Science+Business Media},
	author = {Kenneth Lange},
	edition = {2nd},
	year = {2010}
},



@book{Monahan_2011,
	title = {Numerical methods of statistics},
	publisher = {Cambridge University Press},
	author = {Monahan, John F.},
	edition = {2nd},
	year = {2011}
},



@book{Rasch_2011,
	title = {Optimal Experimental Design with R},
	publisher = {CRC Press, Taylor \& Francis Group},
	author = {D. Rasch and J. Pilz and R. Verdooren and A. Gebhardt},
	edition = {1st},
	year = {2011}
},



@book{Agresti_2010,
	title = {Analysis of ordinal  categorical  data},
	publisher = {John Wiley \& Sons},
	author = {Agresti, Alan},
	edition = {2nd},
	year = {2010}
},


@ARTICLE{Stockmal_1962,
AUTHOR = "Frank Stockmal",
TITLE = "Algorithm 114: Generation of partitions with constraints",
JOURNAL = "Communications of the ACM",
PAGES = {434--435},
volume = {5},
YEAR = {1962},
  }

@article{Ding_1996,
title = "On the computation of the distribution of the square of the sample multiple correlation coefficient ",
journal = "Computational Statistics \& Data Analysis ",
volume = "22",
number = "4",
pages = "345 - 350",
year = "1996",
note = "",
issn = "0167-9473",
doi = "http://dx.doi.org/10.1016/0167-9473(96)00002-3",
url = "http://www.sciencedirect.com/science/article/pii/0167947396000023",
author = "C. G. Ding",
}


@ARTICLE{Lawson_1979,
AUTHOR = {C. Lawson and R. Hanson and D. Kincaid and F. Krogh},
TITLE = {Linear Algebra Subprograms for Fortran Usage},
JOURNAL = {ACM Transactions on Mathematical Software},
note = "BLAS Homepage: \url{http://www.netlib.org/blas/}",
PAGES = {308--325},
volume = {5},
YEAR = {1979},
}


@ARTICLE{Dongarra_1988,
AUTHOR = {J.J. Dongarra and J. DuCroz and S. Hammarling and R. Hanson},
TITLE = {An Extended Set of Fortran Basic Linear Algebra Subprograms},
JOURNAL = {ACM Transactions on Mathematical Software},
note = "BLAS Homepage: \url{http://www.netlib.org/blas/}",
PAGES = {1--32},
volume = {14},
YEAR = {1988},
}


@ARTICLE{Dongarra_1990,
AUTHOR = {J.J. Dongarra and I. Duff and J. DuCroz and S. Hammarling},
TITLE = {A Set of Level 3 Basic Linear Algebra Subprograms},
JOURNAL = {ACM Transactions on Mathematical Software},
note = "BLAS Homepage: \url{http://www.netlib.org/blas/}",
PAGES = {1--28},
volume = {16},
YEAR = {1990},
}



@book{Seber_2008,
	title = {A Matrix Handbok for for Statisticians},
	publisher = {John Wiley \& Sons, Inc},
	author = {Seber, G.A.F.},
	edition = {1st},
	year = {2008}
}



@book{Anderson_1999,
	title = {LAPACK Users' Guide},
	publisher = {Society for Industrial and Applied Mathematics (SIAM)},
	note = "LAPACK Homepage: \url{http://www.netlib.org/lapack}",
	author = {E. Anderson and Z. Bai and C. Bischof and S. Blackford and J. Demmel and J. Dongarra and J. Du Croz and A. Greenbaum and S. Hammarling and A. McKenney and D. Sorensen},
	edition = {3rd},
	year = {1999}
}



@book{Barker_2001,
	title = {LAPACK95 Users' Guide},
	publisher = {Society for Industrial and Applied Mathematics (SIAM)},
	note = "LAPACK Homepage: \url{http://www.netlib.org/lapack}",
	author = {V.A. Barker  and S. Blackford  and J. Dongarra and J. Du Croz and S. Hammarling and M. Marinova and J. Wasniewski and P. Yalamov},
	edition = {1st},
	year = {2001}
}



@book{Kammler_2008,
	title = {A First Course in Fourier Analysis},
	publisher = {Cambridge University Press},
	author = {D. W. Kammler},
	edition = {1st},
	year = {2008}
}



@book{Higham_2008,
	title = {Functions of Matrices: Theory and Computation},
	publisher = {Society for Industrial and Applied Mathematics (SIAM). ISBN 978-0-898716-46-7},
	author = {N. J. Higham},
	edition = {1st},
	year = {2008}
}



@ARTICLE{Higham_2005,
AUTHOR = {N. J. Higham},
TITLE = {The scaling and squaring method for the matrix exponential revisited},
JOURNAL = {SIAM J. Matrix Anal. Applic.},
PAGES = {1179--1193},
volume = {26},
YEAR = {2005},
}



@ARTICLE{Higham_2011,
AUTHOR = {N. J. Higham and L. Lin},
TITLE = {A Schur-Pad\'e algorithm for fractional powers of a matrix},
JOURNAL = {SIAM J. Matrix Anal. Applic.},
PAGES = {1056--1078},
volume = {32},
number = {3},
YEAR = {2011},
}



@ARTICLE{Davies_2003,
AUTHOR = {Ph. Davies and N. J. Higham},
TITLE = {A Schur-Parlett algorithm for computing matrix functions},
JOURNAL = {SIAM J. Matrix Anal. Applic.},
PAGES = {464--485},
volume = {25},
YEAR = {2003},
}



@ARTICLE{Higham_1987,
AUTHOR = {N. J. Higham},
TITLE = {Computing real square roots of a real matrix},
JOURNAL = {Linear Algebra Appl.},
PAGES = {405--430},
volume = {88/89},
YEAR = {1987},
}


@ARTICLE{Bjoerck_1983,
AUTHOR = {\AA. Bj\"orck and S. Hammarling},
TITLE = {A Schur method for the square root of a matrix},
JOURNAL = {Linear Algebra Appl.},
PAGES = {127--140},
volume = {52/53},
YEAR = {1983},
}

@ARTICLE{Moler_1973,
AUTHOR = {C. Moler and G. Stewart},
TITLE = {An Algorithm for Generalized Matrix Eigenvalue Problems},
JOURNAL = {SIAM J. Numer. Anal.},
PAGES = {241--256},
volume = {10},
number = {2},
YEAR = {1973},
}



@Misc{More_1980,
  author = {J. J. Mor\'e and B. S. Garbow and K. E. Hillstrom},
  title = {User Guide for MINPACK-1, Argonne National Laboratory Report ANL-80-74, Argonne, Ill.},
  year = {1980},
	note = "Available as \url{http://www.mcs.anl.gov/~more/ANL8074a.pdf} (Chapter 1-3) and \url{http://www.mcs.anl.gov/~more/ANL8074b.pdf} (Chapter 4)"
},




@ARTICLE{LEcuyer_1996,
AUTHOR = {P. L'Ecuyer},
TITLE = {Maximally Equidistributed Combined Tausworthe Generators},
JOURNAL = {Mathematics of Computation},
PAGES = {203--213},
volume = {65},
number = {213},
YEAR = {1996},
}




@book{Knuth_1981,
    author = {Knuth, Donald E.},
    edition = {2nd},
    publisher = {Addison-Wesley Professional},
    title = {Art of Computer Programming, Volume 2: Seminumerical Algorithms},
		note = "Online resource: \url{http://www-cs-faculty.stanford.edu/~knuth/taocp.html}",
    year = {1981}
}


@book{Kreutzer_1986,
    author = {W. Kreutzer},
    edition = {1st},
    publisher = {Addison-Wesley},
    title = {System Simulation: Programming Styles and Languages (International Computer Science Series)},
    year = {1986}
}



@ARTICLE{Luescher_1994,
AUTHOR = {M. Luescher},
TITLE = {A portable high-quality random number generator for lattice field theory calculations},
JOURNAL = {Computer Physics Communications},
PAGES = {100--110},
volume = {79},
YEAR = {1994},
}


@ARTICLE{James_1994,
AUTHOR = {F. James},
TITLE = {RANLUX: A Fortran implementation of the high-quality pseudorandom number generator of Luescher},
JOURNAL = {Computer Physics Communications},
PAGES = {111--114},
volume = {79},
YEAR = {1994},
}



@ARTICLE{Matsumoto_1998,
AUTHOR = {M. Matsumoto and T. Nishimura},
TITLE = {Mersenne Twister: A 623-dimensionally equidistributed uniform pseudo-random number generator},
JOURNAL = {ACM Transactions on Modeling and Computer Simulation: Special Issue on Uniform Random Number Generation},
PAGES = {3--30},
volume = {8},
number = {1},
note = "Available as \url{http://www.math.sci.hiroshima-u.ac.jp/~m-mat/MT/ARTICLES/mt.pdf}",
YEAR = {1998},
}



@ARTICLE{Park_1988,
AUTHOR = {S. K. Park and K. W. Miller},
TITLE = {Random Number Generators: Good ones are hard to find},
JOURNAL = {Communications of the ACM},
PAGES = {1192--1201},
volume = {31},
number = {10},
YEAR = {1988},
}


@ARTICLE{Lewis_1969,
AUTHOR = {P.A. Lewis and A.S. Goodman and J.M. Miller},
TITLE = {A pseudo-random number generator for the System/360},
JOURNAL = {IBM Systems Journal},
PAGES = {136--146},
volume = {8},
number = {2},
YEAR = {1969},
}




@ARTICLE{Brent_1992a,
AUTHOR = {R. P. Brent},
TITLE = {On the Periods of Generalized Fibonacci Recurrences},
JOURNAL = {Computer Sciences Laboratory Australian National University},
YEAR = {1992},
}



@ARTICLE{Brent_1992b,
AUTHOR = {R. P. Brent},
TITLE = {Uniform random number generators for supercomputers},
JOURNAL = {Proc. of Fifth Australian Supercomputer Conference, Melbourne},
PAGES = {704--706},
YEAR = {1992},
}





@InProceedings{Hellekalek_1995,
  author =	{P. Hellekalek},
  title =	{Inversive pseudorandom number generators: concepts, results and links},
  booktitle =	{Proceedings of the 1995 Winter Simulation Conference},
  year =	{1995},
  editor =	{C. Alexopoulos and K. Kang and W.R. Lilegdon and and D. Goldsman},
  PAGES = {255--262},
	note = {Available from  \url{ftp://random.mat.sbg.ac.at/pub/data/wsc95.ps}},
}



@ARTICLE{LEcuyer_1988,
AUTHOR = {P. L'Ecuyer},
TITLE = {Efficient and Portable Combined Random Number Generators},
JOURNAL = {Communications of the ACM},
PAGES = {742--749},
volume = {31},
number = {6},
YEAR = {1988},
}


@ARTICLE{Eastlake_1994,
AUTHOR = {D. Eastlake and S. Crocker and J. Schiller},
TITLE = {Randomness Recommendations for Security},
JOURNAL = {Network Working Group, RFC 1750},
YEAR = {1994},
}


@article{Zeng_2004,
 author = {Zeng, Zhonggang},
 title = {Algorithm 835: MultRoot---a Matlab Package for Computing Polynomial Roots and Multiplicities},
 journal = {ACM Trans. Math. Softw.},
 issue_date = {June 2004},
 volume = {30},
 number = {2},
 month = jun,
 year = {2004},
 issn = {0098-3500},
 pages = {218--236},
 numpages = {19},
 url = {http://doi.acm.org/10.1145/992200.992209},
 doi = {10.1145/992200.992209},
 acmid = {992209},
 publisher = {ACM},
 address = {New York, NY, USA},
note = {Preprint available at  \url{http://www.neiu.edu/~zzeng/Papers/zrootpak.pdf}, Software avaialbe from \url{http://www.neiu.edu/~zzeng/multroot.htm}}, 
 keywords = {multiple root, multiple zero, multiplicity identification, polynomial, root-finding},
} 

@article{Zeng2005,
  author    = {Zhonggang Zeng},
  title     = {Computing multiple roots of inexact polynomials},
  journal   = {Math. Comput.},
  volume    = {74},
  number    = {250},
  year      = {2005},
	note = {Preprint available at  \url{http://www.neiu.edu/~zzeng/mathcomp/zroot.pdf}},
  ee        = {http://dx.doi.org/10.1090/S0025-5718-04-01692-8},
  bibsource = {DBLP, http://dblp.uni-trier.de}
}


@article{Edelman_1995,
 author = {Edelman, Alan and Murakami, H.},
 title = {Polynomial Roots from Companion Matrix Eigenvalues},
 journal = {Math. Comput.},
 issue_date = {April 1995},
 volume = {64},
 number = {210},
 month = apr,
 year = {1995},
 issn = {0025-5718},
 pages = {763--776},
 numpages = {14},
 url = {http://dx.doi.org/10.2307/2153450},
 note = "Available as \url{http://www.ams.org/journals/mcom/1995-64-210/S0025-5718-1995-1262279-2/S0025-5718-1995-1262279-2.pdf}",
 doi = {10.2307/2153450},
 acmid = {205869},
 publisher = {American Mathematical Society},
 address = {Boston, MA, USA},
 keywords = {QR method, algebraic equation, eigenvalue},
} 






@ARTICLE{Jones_1993,
AUTHOR = {D. R. Jones and C. D. Perttunen and B. E. Stuckmann},
TITLE = {Lipschitzian optimization without the lipschitz constant},
JOURNAL = {J. Optimization Theory and Applications},
PAGES = {157},
volume = {79},
YEAR = {1993},
}



@ARTICLE{Gablonsky_2001,
AUTHOR = {J. M. Gablonsky and C. T. Kelley},
TITLE = {A locally-biased form of the DIRECT algorithm},
JOURNAL = {J. Global Optimization},
PAGES = {27--37},
volume = {21},
number = {1},
YEAR = {2001},
}

@ARTICLE{Kaelo_2006,
AUTHOR = {P. Kaelo and M. M. Ali},
TITLE = {Some variants of the controlled random search algorithm for global optimization},
JOURNAL = {J. Optim. Theory Appl.},
PAGES = {27--37},
volume = {130},
number = {2},
YEAR = {2006},
}

@InProceedings{Price_1978,
  author =	{W. L. Price},
  title =	{A controlled random search procedure for global optimization},
  booktitle =	{Towards Global Optimization 2},
	publisher = {North-Holland Press, Amsterdam},
  year =	{1978},
  editor =	{L. C. W. Dixon and G. P. Szego},
  PAGES = {71--84},
}


@ARTICLE{Price_1983,
AUTHOR = {W. L. Price},
TITLE = {Global optimization by controlled random search},
JOURNAL = {J. Optim. Theory Appl.},
PAGES = {333--348},
volume = {40},
number = {3},
YEAR = {1983},
}



@ARTICLE{Hendrix_2001,
AUTHOR = {E. M. T. Hendrix and P. M. Ortigosa and and I. Garc\'ia},
TITLE = {On success rates for controlled random search},
JOURNAL = {J. Global Optim. 21},
PAGES = {239--263},
volume = {21},
YEAR = {2001},
}




@ARTICLE{RinnooyKan_1987a,
AUTHOR = {A. H. G. {Rinnooy Kan} and G. T. Timmer},
TITLE = {Stochastic global optimization methods, part I: clustering methods},
JOURNAL = {Mathematical Programming},
PAGES = {27--56},
volume = {39},
YEAR = {1987},
}



@ARTICLE{RinnooyKan_1987b,
AUTHOR = {A. H. G. {Rinnooy Kan} and G. T. Timmer},
TITLE = {Stochastic global optimization methods, part II: multilevel methods},
JOURNAL = {Mathematical Programming},
PAGES = {57--78},
volume = {39},
YEAR = {1987},
}

@ARTICLE{Kucherenko_2005,
AUTHOR = {S. Kucherenko and Y. Sytsko},
TITLE = {Application of deterministic low-discrepancy sequences in global optimization},
JOURNAL = {Computational Optimization and Applications},
PAGES = {297--318},
volume = {30},
YEAR = {2005},
}



@mastersthesis {Gudmundsson1998,
    AUTHOR = "S. Gudmundsson",
    TITLE = {Parallel Global Optimization},
    SCHOOL = {Technical University of Denmark},
    YEAR ="1998"
}




@unpublished {Madsen_1998,
  author = {K. Madsen and S. Zertchaninov and A. Zilinskas},
  title = {Global Optimization using Branch-and-Bound},
  year = {1998},
	note = {Unpublished Manuscript}
}



@techreport{Zertchaninov1998,
    author    = "S. Zertchaninov and K. Madsen",
    title     = "A C++ Programme for Global Optimization",
    institution = "Department of Mathematical Modelling, Technical University of Denmark",
    type     = "IMM-REP-1998-04", 
    address  = "DK-2800 Lyngby, Denmark",
    year      = "1998",
}



@ARTICLE{Runarsson_2005,
AUTHOR = {T. Ph. Runarsson and X. Yao},
TITLE = {Search biases in constrained evolutionary optimization},
JOURNAL = {IEEE Trans. on Systems, Man, and Cybernetics Part C: Applications and Reviews},
PAGES = {233--243},
volume = {35},
number = {2},
YEAR = {2005},
}

@ARTICLE{Runarsson_2000,
AUTHOR = {T. Ph. Runarsson and X. Yao},
TITLE = {Stochastic ranking for constrained evolutionary optimization},
JOURNAL = {IEEE Trans. Evolutionary Computation},
PAGES = {284--294},
volume = {4},
number = {3},
YEAR = {2000},
}




@InProceedings{Powell_1994,
  author =	{M. J. D. Powell},
  title =	{A direct search optimization method that models the objective and constraint functions by linear interpolation},
  booktitle =	{Advances in Optimization and Numerical Analysis},
	publisher = {Kluwer Academic: Dordrecht},
  year =	{1994},
  editor =	{S. Gomez and J.-P. Hennart},
  PAGES = {51--67},
}



@ARTICLE{Powell_1998,
AUTHOR = {M. J. D. Powell},
TITLE = {Direct search algorithms for optimization calculations},
JOURNAL = {Acta Numerica},
PAGES = {287--336},
volume = {7},
YEAR = {1998},
}



@techreport{Powell2009,
    author    = "M. J. D. Powell",
    title     = "The BOBYQA algorithm for bound constrained optimization without derivatives",
    institution = "Department of Applied Mathematics and Theoretical Physics, Cambridge England",
    type     = "technical report NA2009/06", 
    year      = "2009",
}



@InProceedings{Powell_2004,
  author =	{M. J. D. Powell},
  title =	{The NEWUOA software for unconstrained optimization without derivatives},
  booktitle =	{Proc. 40th Workshop on Large Scale Nonlinear Optimization (Erice, Italy},
  year =	{2004},
  editor =	{P. Pardalos and G. Pillo},
  PAGES = {51--67},
}


@book{Brent_1972,
    author = {R. Brent},
    edition = {1st},
    publisher = {Prentice-Hall (Reprinted by Dover, 2002.)},
    title = {Algorithms for Minimization without Derivatives},
    year = {1972}
}


@ARTICLE{Nelder_1965,
AUTHOR = {J. A. Nelder and R. Mead},
TITLE = {A simplex method for function minimization},
JOURNAL = {The Computer Journal},
PAGES = {308--313},
volume = {7},
YEAR = {1965},
}



@ARTICLE{Box_1965,
AUTHOR = {M. J. Box},
TITLE = {A new method of constrained optimization and a comparison with other methods},
JOURNAL = {Computer J},
PAGES = {42--52},
volume = {8},
number = {1},
YEAR = {1965},
}


@ARTICLE{Richardson_1973,
AUTHOR = {J. A. Richardson and J. L. Kuester},
TITLE = {The complex method for constrained optimization},
JOURNAL = {Commun. ACM},
PAGES = {487--489},
volume = {16},
number = {8},
YEAR = {1973},
}


@PHDTHESIS{Rowan_1990,
    AUTHOR = "T. Rowan",
    TITLE = {Functional Stability Analysis of Numerical Algorithms},
    SCHOOL = {Department of Computer Sciences, University of Texas at Austin},
    YEAR ="1990"
}


@ARTICLE{Svanberg_2002,
AUTHOR = {K. Svanberg},
TITLE = {A class of globally convergent optimization methods based on conservative convex separable approximations},
JOURNAL = {SIAM J. Optim.},
PAGES = {487--489},
volume = {12},
number = {2},
YEAR = {2002},
}

@techreport{Kraft_1988,
    author    = "D. Kraft",
    title     = "A software package for sequential quadratic programming",
    institution = {Institut f\"ur Dynamik der Flugsysteme, Oberpfaffenhofen},
    type     = "Technical Report DFVLR-FB 88-28", 
    year      = "1988",
}



@ARTICLE{Kraft_1994,
AUTHOR = {D. Kraft},
TITLE = {Algorithm 733: TOMP-Fortran modules for optimal control calculations},
JOURNAL = {ACM Transactions on Mathematical Software},
PAGES = {262--281},
volume = {20},
number = {3},
YEAR = {1994},
}


@ARTICLE{Nocedal_1980,
AUTHOR = {J. Nocedal},
TITLE = {Updating quasi-Newton matrices with limited storage},
JOURNAL = {Math. Comput.},
PAGES = {773--782},
volume = {35},
YEAR = {1980},
}

@ARTICLE{Liu_1989,
AUTHOR = {D. C. Liu and J. Nocedal},
TITLE = {On the limited memory BFGS method for large scale optimization},
JOURNAL = {Math. Programming},
PAGES = {503--528},
volume = {45},
YEAR = {1989},
}


@ARTICLE{Dembo_1982,
AUTHOR = {R. S. Dembo and T. Steihaug},
TITLE = {Truncated Newton algorithms for large-scale optimization},
JOURNAL = {Math. Programming},
PAGES = {190--212},
volume = {26},
YEAR = {1982},
}

@ARTICLE{Vlcek_2006,
AUTHOR = {J. Vlcek and L. Luksan},
TITLE = {Shifted limited-memory variable metric methods for large-scale unconstrained minimization},
JOURNAL = {J. Computational Appl. Math.},
PAGES = {365--390},
volume = {186},
YEAR = {2006},
}



@ARTICLE{Conn_1991,
AUTHOR = {A. R. Conn and N. I. M. Gould and Ph. L. Toint},
TITLE = {A globally convergent augmented Lagrangian algorithm for optimization with general constraints and simple bounds},
JOURNAL = {SIAM J. Numer. Anal.},
PAGES = {545--572},
volume = {28},
number = {2},
YEAR = {1991},
}

@ARTICLE{Birgin_2008,
AUTHOR = {E. G. Birgin and J. M. Mart\'inez},
TITLE = {Improving ultimate convergence of an augmented Lagrangian method},
JOURNAL = {Optimization Methods and Software},
PAGES = {177--195},
volume = {23},
number = {2},
YEAR = {2008},
}

@article{Dormand1980,
title = "A family of embedded Runge-Kutta formulae ",
journal = "Journal of Computational and Applied Mathematics ",
volume = "6",
number = "1",
pages = "19 - 26",
year = "1980",
note = "",
issn = "0377-0427",
doi = "http://dx.doi.org/10.1016/0771-050X(80)90013-3",
url = "http://www.sciencedirect.com/science/article/pii/0771050X80900133",
author = "J.R. Dormand and P.J. Prince"
}




@book{Hairer_2009,
    author = {E. Hairer and S. P. N{\o}rsett and G. Wanner},
    edition = {2nd},
    publisher = {Springer, Berlin},
    title = {Solving Ordinary Differential Equations I: Nonstiff Problems},
    year = {2009}
}



@book{Hairer_2010,
    author = {E. Hairer  and G. Wanner},
    edition = {2nd},
    publisher = {Springer, Berlin},
    title = {Solving Ordinary Differential Equations II: Stiff and Differential-Algebraic Problems},
    year = {2010}
}



@book{Hairer_2006,
    author = {E. Hairer  and G. Wanner and C. Lubich},
    edition = {2nd},
    publisher = {Springer-Verlag Gmbh},
    title = {Geometric Numerical Integration: Structure-Preserving Algorithms for Ordinary Differential Equations},
    year = {2006}
}

@book{Leimkuhler_2005,
    author = {B. Leimkuhler and S. Reich},
    edition = {1st},
    publisher = {Cambridge University Press},
    title = {Simulating Hamiltonian Dynamics},
    year = {2005}
}

@book{Pikovsky_2001,
    author = {A. Pikovsky and M. Rosemblum and J. Kurths},
    edition = {1st},
    publisher = {Cambridge University Press},
    title = {Synchronization: A Universal Concept in Nonlinear Sciences},
    year = {2001}
}


@ARTICLE{Yoshida_1990,
AUTHOR = {H. Yoshida},
TITLE = {Construction of higher order symplectic integrators},
JOURNAL = {Physics Letters A},
PAGES = {262--268},
volume = {150},
number = {5},
YEAR = {1990},
}

@ARTICLE{McLachlan_1995,
AUTHOR = {R. I. McLachlan},
TITLE = {On the numerical integration of ordinary differential equations by symmetric composition methods},
JOURNAL = {SIAM J. Sci. Comput.},
PAGES = {151--168},
volume = {16},
number = {1},
YEAR = {1995},
}





@techreport{Kahan_1997,
    author    = " W. Kahan",
    title     = "Lecture Notes on the Status of IEEE Standard 754 for Binary Floating-Point Arithmetic",
    institution = {Elect. Eng. \& Computer Science, University of California, Berkeley, CA},
    note = "Available as \url{http://www.cs.berkeley.edu/~wkahan/ieee754status/IEEE754.PDF}",
    year      = "1997",
}


@misc{flint,
    author = {W. Hart and F. Johansson and S. Pancratz},
    title = {{FLINT}: {F}ast {L}ibrary for {N}umber {T}heory},
    year = {2013},
    note = {Version 2.4.0, \url{http://flintlib.org}}
}


@misc{arb,
    author = {F. Johansson},
    title = {{ARB}: a C library for arbitrary-precision floating-point ball arithmetic},
    year = {2013},
    note = {Version 2.0.0, \url{http://fredrikj.net/arb/}}
}


@inproceedings{Hart2010,
    author = {W. B. Hart},
    title = {Fast Library for Number Theory: An Introduction},
    booktitle = {Proceedings of the Third International Congress on Mathematical Software},
    series = {ICMS'10},
    year = {2010},
    location = {Kobe, Japan},
    pages = {88--91},
    numpages = {4},
    publisher = {Springer-Verlag},
    address = {Berlin, Heidelberg},
    note = {\url{http://flintlib.org}}
}

@misc{Cowlishaw,
    author = {M. Cowlishaw},
    title = {General Decimal Arithmetic Specification},
    year = {2009},
    note = {Version 1.70, 7 April 2009 \url{http://speleotrove.com/decimal/decarith.html}}
}

@manual{mpmath,
  key     = {mpmath},
  author  = {Fredrik Johansson and others},
  title   = {mpmath: a {P}ython library for arbitrary-precision floating-point arithmetic (version 0.18)},
  note    = {{\tt http://mpmath.org/}},
  month   = {December},
  year    = {2013},
}


@ARTICLE{LugannaniRice_1980,
AUTHOR = {Robert Lugannani and Stephen Rice},
TITLE = {Saddle Point Approximation for the Distribution of the Sum of Independent Random Variables},
JOURNAL = {Advances in Applied Probability},
PAGES = {475--490},
volume = {12},
number = {2},
YEAR = {1980},
}

@book{Butler_2007,
    author = {R.W. Butler},
    edition = {1st},
    publisher = {Cambridge University Press},
    title = {Saddlepoint Approximations with Applications},
    year = {2007}
}



@ARTICLE{Daniels_1987,
AUTHOR = {H. E. Daniels},
TITLE = {Tail Probability Approximations},
JOURNAL = {International Statistical Review},
PAGES = {37--48},
volume = {55},
YEAR = {1987},
}

@ARTICLE{Daniels_1954,
AUTHOR = {H. E. Daniels},
TITLE = {Saddlepoint Approximations in Statistics},
JOURNAL = {Annals of Mathematical Statistics},
PAGES = {631--650},
volume = {25},
YEAR = {1954},
}

@ARTICLE{Jensen_1992,
AUTHOR = {J.L. Jensen},
TITLE = {The modified signed likelihood statistic and saddlepoint approximations},
JOURNAL = {Annals of Mathematical Statistics},
PAGES = {693--703},
volume = {79},
YEAR = {1992},
}




@ARTICLE{Chiani_2014,
   author = {{Chiani}, M.},
    title = "{Distribution of the largest root of a matrix for Roy's test in multivariate analysis of variance}",
  journal = {ArXiv e-prints},
archivePrefix = "arXiv",
   eprint = {1401.3987},
 primaryClass = "math.ST",
 keywords = {Mathematics - Statistics Theory},
     note = "Available at \url{http://adsabs.harvard.edu/abs/2014arXiv1401.3987C}",
     year = 2014,
    month = jan,
   adsurl = {http://adsabs.harvard.edu/abs/2014arXiv1401.3987C},
  adsnote = {Provided by the SAO/NASA Astrophysics Data System}
}


@ARTICLE{Chiani_2012,
   author = {{Chiani}, M.},
    title = "{Distribution of the largest eigenvalue for real Wishart and Gaussian random matrices and a simple approximation for the Tracy-Widom distribution}",
  journal = {ArXiv e-prints},
archivePrefix = "arXiv",
   eprint = {1209.3394},
 primaryClass = "cs.IT",
 keywords = {Computer Science - Information Theory, Mathematics - Statistics Theory},
     note = "Available at \url{http://adsabs.harvard.edu/abs/2012arXiv1209.3394C}",
     year = 2012,
    month = sep,
   adsurl = {http://adsabs.harvard.edu/abs/2012arXiv1209.3394C},
  adsnote = {Provided by the SAO/NASA Astrophysics Data System}
}


@ARTICLE{Johnstone_2013,
   author = {{Johnstone}, I.~M. and {Nadler}, B.},
    title = "{Roy's Largest Root Test Under Rank-One Alternatives}",
  journal = {ArXiv e-prints},
archivePrefix = "arXiv",
   eprint = {1310.6581},
 primaryClass = "math.ST",
 keywords = {Mathematics - Statistics Theory, 62H20, 62H10, 15A18, 47A55},
     note = "Available at \url{http://adsabs.harvard.edu/abs/2013arXiv1310.6581J}",
     year = 2013,
    month = oct,
   adsurl = {http://adsabs.harvard.edu/abs/2013arXiv1310.6581J},
  adsnote = {Provided by the SAO/NASA Astrophysics Data System}
}


@article{Davis_1968,
ajournal = "Ann. Math. Statist.",
author = "Davis, A. W.",
doi = "10.1214/aoms/1177698313",
note = "Available at \url{http://dx.doi.org/10.1214/aoms/1177698313}",
journal = "The Annals of Mathematical Statistics",
month = "06",
number = "3",
pages = "815--832",
publisher = "The Institute of Mathematical Statistics",
title = "A System of Linear Differential Equations for the Distribution of Hotelling's Generalized $T_0^2$",
url = "http://dx.doi.org/10.1214/aoms/1177698313",
volume = "39",
year = "1968"
}


@article{Davis_1970a,
ajournal = "Ann. Math. Statist.",
author = "Davis, A. W.",
doi = "10.1214/aoms/1177696799",
journal = "The Annals of Mathematical Statistics",
month = "10",
number = "5",
pages = "1557--1562",
publisher = "The Institute of Mathematical Statistics",
title = "On the Null Distribution of the Sum of the Roots of a Multivariate Beta Distribution",
url = "http://dx.doi.org/10.1214/aoms/1177696799",
volume = "41",
year = "1970"
}

@article{Davis_1970b,
year={1970},
issn={0020-3157},
journal={Annals of the Institute of Statistical Mathematics},
volume={22},
number={1},
doi={10.1007/BF02506325},
note = "Available at \url{http://dx.doi.org/10.1007/BF02506325}",
title={Further applications of a differential equation for Hotelling's generalized $T_0^2$},
url={http://dx.doi.org/10.1007/BF02506325},
publisher={Kluwer Academic Publishers},
author={Davis, A.W.},
pages={77-87},
language={English}
}


@article{PhamGia_2008,
title = "Exact distribution of the generalized Wilksâ€™s statistic and applications ",
journal = "Journal of Multivariate Analysis ",
volume = "99",
number = "8",
pages = "1698--1716",
year = "2008",
note = "Available at \url{http://www.sciencedirect.com/science/article/pii/S0047259X08000249}",
issn = "0047-259X",
doi = "http://dx.doi.org/10.1016/j.jmva.2008.01.021",
url = "http://www.sciencedirect.com/science/article/pii/S0047259X08000249",
author = "T. Pham-Gia",
}



@article{Wakaki_2006,
title = "Edgeworth expansion of Wilksâ€™ lambda statistic ",
journal = "Journal of Multivariate Analysis ",
volume = "97",
number = "9",
pages = "1958 - 1964",
year = "2006",
note = "Available at \url{http://www.sciencedirect.com/science/article/pii/S0047259X06000790}",
issn = "0047-259X",
doi = "http://dx.doi.org/10.1016/j.jmva.2005.10.010",
url = "http://www.sciencedirect.com/science/article/pii/S0047259X06000790",
author = "Hirofumi Wakaki",
}



@article{Wilks_1932,
author = {S. S. Wilks},
title = {Certain Generalizations in the Analysis of Variance},
journal = {Biometrika},
volume = {24},
year = {1932},
pages = {471--494},
}



@book{Mathai_book_2010,
	title = {The H-Function: Theory and Applications},
	publisher = {Springer New York Dordrecht Heidelberg London},
	author = {A.M. Mathai and R. K. Saxena and H. J. Haubold},
	edition = {1},
	year = {2010}
},




@article{Muller_1992,
author = {K. E. Muller and L. M. LaVange and S L. Ramey and C. T. Ramey},
title = {Power Calculations for General Linear Multivariate Models Including Repeated Measures Applications},
journal = {J Am Stat Assoc.},
volume = {87},
year = {1992},
pages = {1209--1226},
}


@article{Taylor_1995,
author = {D. J. Taylor and K. E. Muller},
title = {Computing Confidence Bounds for Power and Sample Size of the General Linear Univariate Model},
journal = {Am Stat.},
volume = {49(1)},
year = {1995},
pages = {43--47},
}


@article{James_1968,
ajournal = "Ann. Math. Statist.",
author = "James, A. T.",
doi = "10.1214/aoms/1177698153",
journal = "The Annals of Mathematical Statistics",
month = "10",
number = "5",
pages = "1711--1718",
publisher = "The Institute of Mathematical Statistics",
title = "Calculation of Zonal Polynomial Coefficients by Use of the Laplace-Beltrami Operator",
url = "http://dx.doi.org/10.1214/aoms/1177698153",
volume = "39",
year = "1968"
}


@article{James_1964,
ajournal = "Ann. Math. Statist.",
author = "James, Alan T.",
doi = "10.1214/aoms/1177703550",
journal = "The Annals of Mathematical Statistics",
month = "06",
number = "2",
pages = "475--501",
publisher = "The Institute of Mathematical Statistics",
title = "Distributions of Matrix Variates and Latent Roots Derived from Normal Samples",
url = "http://dx.doi.org/10.1214/aoms/1177703550",
volume = "35",
year = "1964"
}


@article{McLaren_1976,
author = {M. L. McLaren},
title = {Algorithm AS 94: Coefficients of the Zonal Polynomials},
journal = {Applied Statistics},
volume = {25(1)},
year = {1976},
pages = {82--87},
}



@article{Grantham_2001,
author = {Jon Grantham},
title = {Frobenius pseudoprimes},
journal = {Mathematics of Computation},
volume = {70},
year = {2001},
pages = {873--891},
note = "Available at \url{http://www.ams.org/journals/mcom/2001-70-234/S0025-5718-00-01197-2/home.html}",
}



@article{Joye_1996,
author = {M. Joye and J.-J. Quisquater},
title = {Efficient computation of full Lucas sequences},
journal = {Electronics Letters},
volume = {32(6)},
year = {1996},
pages = {537--538},
note = "Available at \url{http://joye.site88.net/papers/JQ96lucas.pdf}",
}



@article{Dijkstra_1997,
author = {D. Dijkstra},
title = {A Continued Fraction Expansion for a Generalization of Dawson's Integral},
journal = {Mathematics of Computation},
volume = {31},
year = {1997},
pages = {503--510},
note = "Available at \url{http://core.kmi.open.ac.uk/download/pdf/11478366.pdf}",
}



@article{Dubinov_2008,
author = { A.E. Dubinov and A.A. Dubinova},
title = {Exact integral-free expressions for the integral Debye functions},
journal = {Technical Physics Letters},
volume = {34(12)},
year = {2008},
pages = {999--1001},
note = "Available at \url{http://link.springer.com/article/10.1134/S106378500812002X\#page-1}",
}
